1716 3017
753 154 808 198 43

100 286 203 328 bum
257 280 558 337 ἐγκαταστῆσαι
607 287 829 324 accuratus
876 280 1047 339 quidem
1107 281 1316 335 interpres
1375 293 1460 319 non

100 353 237 409 potuit
267 352 342 396 uti.
373 375 428 380 —

213 452 264 494 V.
290 449 388 494 291.

210 518 441 561 Probanda
484 517 664 560 fortasse
694 520 899 560 sententia
928 518 1126 567 Jacobsii,
1173 519 1247 573 qui
1279 516 1459 558 verbum

98 584 485 635 κατασκευάζουσαι)
516 586 630 642 quod
663 586 818 641 legitur
860 588 901 627 in
948 585 1105 627 scholio
1139 585 1193 626 ad
1226 586 1337 626 hunc
1369 598 1460 625 ver·

100 671 215 709 sum,
273 659 515 709 corruptum
565 668 656 695 esse
704 655 943 709 suspicatur
974 669 1028 694 ex
1064 652 1458 699 κατασκευάζουσιν.

99 724 246 780 Neque
275 728 420 764 tamen
453 736 508 762 ex
541 735 588 762 eo
621 720 811 771 efficitur,
844 723 1114 777 interpretem
1144 721 1331 761 dativum
1363 733 1459 774 par-

99 792 235 847 ticipii
266 789 446 845 alicujus
483 789 697 830 invenisse
729 789 1012 845 (πορσὺνουσι
1042 803 1118 843 pro
1148 786 1383 842 περγάμοις
1410 800 1459 828 τε

100 875 154 901 ex
170 858 338 900 Jacobs,
371 857 511 912 conj.),
543 856 618 897 sed
648 856 814 898 addidit
837 858 1113 912 participium,
1145 854 1259 912 quod
1290 869 1460 909 respon—

99 927 218 968 deret
244 924 454 981 adjectivo
485 929 696 979 τερπνοῖς,
746 923 800 965 ad
835 923 1136 979 explicandum
1169 923 1460 964 accusativum

97 990 253 1049 πικρὰν
278 991 482 1045 σύγχυσιν,
527 991 571 1032 id
602 991 713 1048 quod
746 990 996 1045 intelligitur
1022 1005 1044 1031 e
1077 990 1207 1032 schol.
1238 986 1341 1040 293,
1388 989 1459 1030 ubi

99 1060 248 1103 eadem
279 1059 331 1101 de
363 1073 491 1101 causa
532 1059 818 1116 supplendum
866 1073 958 1100 esse
997 1055 1046 1101 τὸ
1085 1058 1253 1110 ἔχουσιν
1285 1062 1458 1099 annota—

97 1135 186 1171 tum
217 1134 292 1170 est.
321 1152 377 1158 —

210 1230 263 1275 V.
298 1225 383 1272 292
409 1244 495 1286 sq.:

261 1294 378 1341 Ἀλλ’
410 1297 496 1340 εἴθ’
527 1295 635 1352 ὑπὲρ
666 1293 851 1352 κεφαλὰν
880 1297 1028 1352 ἔβαλεν
1058 1295 1188 1340 κακὸν

267 1363 293 1407 ἆ
321 1363 503 1408 τεκοῦσά
531 1380 596 1407 νιν
626 1365 780 1419 Πάριν,

211 1432 354 1476 Schol.
391 1430 496 1475 294:
556 1432 651 1475 εἴθε
704 1430 811 1489 ὑπὲρ
864 1434 1046 1489 κεφαλῆς
1094 1431 1284 1489 Πάριδος
1337 1431 1460 1486 ἔβαλε

95 1501 283 1546 θάνατον
313 1499 339 1558 ἡ
365 1502 544 1544 τεκοῦσα
573 1498 650 1544 τὸν
671 1500 824 1556 Πάριν.
887 1501 1051 1553 Quibus
1074 1516 1128 1542 ex
1152 1500 1287 1543 verbis
1311 1500 1456 1543 Herm.

97 1570 336 1623 concludit,
394 1569 615 1625 scripsisse
669 1576 860 1625 poetam:
914 1569 1009 1611 εἴθε
1053 1570 1088 1611 δ’
1116 1566 1228 1624 ὑπὲρ
1273 1568 1459 1621 κεφαλᾶς

94 1639 244 1694 ἔβαλεν
268 1632 397 1680 κακὸν
429 1635 456 1679 ἁ
484 1636 668 1679 τεκοῦσά
702 1653 766 1678 νιν
786 1637 936 1693 μόρον.
995 1636 1080 1678 Sed
1104 1639 1263 1693 optimo
1278 1638 1375 1692 jure
1404 1634 1456 1676 de

95 1707 176 1748 hac
223 1720 270 1747 re
315 1705 589 1747 dubitaveris.
658 1705 848 1746 Primum
893 1706 1003 1746 enim
1049 1719 1103 1746 ex
1149 1706 1243 1760 ipso
1289 1702 1457 1744 Paridis

95 1774 268 1816 nomine
307 1773 372 1814 bis
418 1773 554 1828 posito
603 1773 815 1829 conjicias,
860 1774 1131 1828 interpretem
1172 1774 1262 1828 jam
1304 1771 1458 1825 legisse

95 1841 273 1883 verbum
300 1839 455 1895 Πάριν,
505 1840 698 1896 quamvis
731 1846 891 1882 certum
924 1841 987 1894 sit,
1020 1840 1100 1882 hoc
1130 1854 1221 1881 esse
1251 1839 1456 1895 spurium,

96 1911 186 1951 sive
216 1914 363 1950 natum
397 1910 451 1950 sit
479 1922 533 1949 ex
563 1909 937 1964 interpretamento
968 1909 1150 1963 margini
1182 1908 1378 1962 ascripto,
1412 1912 1459 1947 ut

95 1981 246 2033 putant
275 1976 423 2018 Fixius
455 1982 496 2018 et
524 1975 717 2029 Kirchh„
766 1977 853 2017 sive
887 1983 1021 2018 ortum
1064 1977 1116 2018 sit
1144 1975 1297 2017 mendo
1330 1975 1457 2030 scrip-

95 2050 233 2095 turae,
279 2058 389 2100 quae
429 2050 492 2086 est
529 2045 672 2099 opinio
710 2044 906 2097 Nauckii,
955 2044 981 2088 1.
1014 2059 1050 2088 a.
1084 2059 1124 2100 p.
1158 2041 1225 2087 99,
1286 2042 1458 2084 Deinde

96 2111 221 2154 facile
251 2113 387 2168 potuit
414 2112 519 2165 fieri,
569 2118 615 2152 ut
642 2112 863 2167 interpres,
909 2117 1056 2167 utpote
1086 2112 1157 2168 qui
1182 2126 1267 2152 non
1296 2111 1457 2167 perspi-

95 2185 208 2221 ceret
241 2181 492 2221 sententiam
520 2179 749 2221 verborum
779 2175 889 2234 ὑπὲρ
921 2178 1106 2233 κεφαλὰν
1137 2177 1283 2233 ἔβαλεν
1315 2210 1324 2219 .
1359 2211 1368 2221 .
1402 2210 1411 2219 .
1446 2213 1455 2222 .

96 2247 209 2298 (vide
239 2253 399 2291 annott.
430 2247 654 2300 Koerneri,
693 2247 905 2302 Pflugkfi3
943 2247 1110 2290 Nauck.
1142 2246 1170 2288 l.
1199 2251 1266 2300 a),
1319 2245 1456 2288 solum

94 2314 273 2357 verbum
301 2313 429 2357 κακόν
461 2317 806 2370 interpretaretur
849 2315 982 2357 verbo
1027 2315 1141 2371 quod
1171 2321 1233 2356 est
1259 2314 1459 2367 θάνατος,

97 2382 140 2424 id
169 2382 283 2438 quod
306 2382 526 2425 Nauckius
557 2389 670 2425 recte
700 2382 949 2424 Hermanno
982 2382 1169 2438 opponit.

208 2450 246 2492 E
277 2450 438 2492 scholio
482 2451 609 2506 igitur
645 2451 768 2492 nulla
807 2456 945 2506 potest
980 2451 1069 2492 erui
1102 2450 1292 2493 lectionis
1323 2451 1458 2492 varie-

94 2523 172 2563 tas.
230 2517 299 2560 De
327 2518 517 2573 genitivo
549 2518 734 2572 κεφαλᾶς
762 2517 859 2560 vide
888 2517 998 2560 infra
1028 2532 1070 2574 p,
1102 2517 1169 2564 15.
1212 2545 1250 2550 —
