1716 3017
913 107 968 152 66

251 230 328 275 ἐπὶ
370 239 495 286 γαῖαν
533 231 805 275 scribendum
847 246 940 275 esse
980 233 1154 290 conjicit
1185 232 1284 276 ἐπεὶ
1317 232 1409 276 αἰέν
1439 264 1624 281 .....

253 298 438 343 σύνοιδα.

364 368 532 410 Andr.
561 382 602 412 v,
632 363 708 409 28:

424 433 561 492 ἀλκήν
591 434 668 477 τιν’
700 432 841 489 εὖρεῑν
870 430 1180 489 κοῖπικούρησιν
1211 433 1359 476 κακῶν.

365 502 507 545 Schol.
558 500 727 556 δόμωνε
775 516 836 556 γρ.
881 504 1030 543 κακῶν.
1090 500 1210 552 Quae
1257 501 1381 544 lectio
1434 504 1624 546 omnium

249 568 338 611 fere
370 569 563 611 codicum
587 570 838 611 auctoritate
868 568 1119 611 confirmata
1150 569 1240 611 sine
1275 569 1405 611 dubio
1434 571 1624 625 genuina

252 642 326 687 est,
360 651 456 678 cum
490 637 642 678 domus
687 650 790 678 cura
826 635 881 677 ad
920 635 1270 679 Andromacham
1321 652 1487 688 servam
1517 636 1622 681 nihil

249 705 469 759 pertineat.
532 704 597 746 Cf.
631 703 683 745 G.
715 703 865 747 Herm.
896 703 951 745 ad
976 703 1017 745 h.
1053 704 1080 748 l.

362 771 529 815 Andr
563 786 604 813 v.
633 768 712 814 53·

423 837 554 896 ᾔτησε
590 842 749 893 Φοῖβον
778 836 946 894 πατρὸς
974 840 1021 881 οῦ
1054 838 1394 919 ’κτίνει[ν]δίκην.

363 904 478 947 ABG
510 907 561 949 οῦ
591 909 758 959 κτείνει,
788 907 830 948 D
862 902 909 948 οὐ
942 911 1107 958 κτείνει,
1153 921 1178 948 a
1206 906 1257 949 οῦ
1288 910 1453 960 κτείνει,
1484 906 1538 948 bc
1571 898 1622 950 οὗ

248 977 390 1026 τείνει,
436 973 470 1016 C
495 965 545 1015 οὗ
574 977 740 1017 κτείνει.
800 974 1047 1016 Lectionem
1077 977 1228 1017 κτείνει
1263 976 1365 1016 satis
1397 989 1490 1016 esse
1518 976 1622 1017 anti-

249 1056 395 1098 quam,
442 1049 621 1097 apparet
652 1056 674 1083 e
706 1048 899 1083 veterum
932 1043 1210 1097 interpretum
1237 1042 1539 1098 explicatione
1580 1058 1622 1088 v

250 1109 385 1151 schol.
412 1107 481 1151 51.
507 1125 547 1150 v.
579 1107 618 1151 9.
649 1107 717 1151 14.
777 1109 848 1150 Ad
884 1110 1121 1164 genuinam
1152 1110 1404 1165 scripturam
1445 1111 1622 1167 propius

249 1175 416 1217 accedit
447 1176 563 1232 quod
595 1177 749 1232 legitur
778 1178 823 1218 in
850 1176 973 1218 codd.
992 1177 1074 1218 ΕΒ
1105 1178 1154 1219 οῦ
1181 1180 1313 1226 τίνςει
1344 1177 1371 1219 d
1394 1178 1442 1220 οὖ
1464 1178 1616 1229 κτίνει,

249 1242 300 1286 cf.
329 1243 460 1286 schol
487 1244 609 1288 codd.
634 1245 735 1286 AB:
767 1260 828 1300 γρ.
861 1244 907 1286 δὲ
938 1236 986 1287 οὗ
1006 1245 1149 1287 ’κτίνει
1179 1245 1311 1300 δίκην,
1345 1245 1394 1287 ι’ν’
1428 1236 1457 1303 ᾗ
1488 1242 1619 1301 ὅπου,

247 1325 293 1353 εν
321 1314 485 1364 Πυθοῖ,
530 1315 737 1367 τιμωρίαν
774 1314 934 1356 διδωσι,
994 1312 1091 1354 Hoc
1125 1312 1335 1354 scholium
1367 1313 1621 1356 documento

248 1385 323 1433 est,
354 1379 652 1421 Hermannum
673 1380 806 1423 verba
828 1376 951 1433 ὅπου,
970 1378 1015 1422 ἐν
1034 1383 1200 1433 Πυθοῖ,
1230 1384 1436 1435 τιμωρίαν
1458 1383 1621 1434 δίδωσι,

250 1461 360 1503 quae
393 1447 542 1489 eadem
571 1447 771 1502 leguntur
814 1450 857 1490 in
890 1447 982 1492 cod..
1015 1463 1039 1489 a
1072 1454 1112 1489 et
1146 1449 1190 1489 in
1225 1447 1290 1492 ed.
1327 1447 1478 1493 Arsen.
1510 1449 1620 1491 falso

249 1514 446 1556 retulisse
476 1515 532 1556 ad
562 1514 670 1558 ἔνθα
695 1517 837 1572 Λοξίᾳ
866 1518 986 1572 δίκην
1016 1518 1166 1558 δίδωσι
1198 1520 1254 1568 (v,
1280 1513 1366 1569 51),
1398 1530 1494 1558 cum
1516 1518 1620 1573 quin

248 1588 441 1638 spectent
470 1583 525 1624 ad
557 1583 691 1625 verba
736 1574 784 1625 οὗ
808 1580 955 1626 ’κτίνει
985 1585 1105 1639 δίκην
1143 1598 1229 1625 non
1260 1585 1394 1639 possit
1423 1598 1516 1626 esse
1544 1584 1620 1626 du-

246 1650 379 1693 bium.
437 1650 578 1706 Atque
614 1651 707 1706 ipsa
749 1651 873 1693 lectio
915 1649 1063 1693 ’κτίνει
1107 1651 1278 1694 videtur
1326 1666 1418 1694 esse
1465 1658 1566 1694 nata
1596 1668 1618 1694 e

245 1719 375 1761 verbo
418 1709 467 1759 οὗ
498 1733 585 1760 non
623 1718 855 1760 intellecto.
918 1717 1014 1771 Qua
1044 1720 1088 1760 in
1118 1719 1300 1762 lectione
1332 1721 1403 1776 qui
1435 1719 1620 1762 offende-

244 1792 357 1840 runt,
390 1787 491 1843 quia
519 1786 664 1828 verbis
695 1777 786 1828 05²
790 1790 921 1829 κτίνει
956 1792 1205 1843 repetuntur
1234 1802 1345 1844 quae
1369 1789 1461 1844 jam
1492 1793 1621 1830 antea

247 1855 361 1896 dicta
410 1860 507 1896 sunt
550 1854 714 1896 verbis:
760 1857 882 1912 δίκην
920 1856 1070 1897 δίδωσι
1099 1858 1270 1909 μανιας,
1320 1869 1343 1896 0
1374 1856 1619 1912 conjectura

247 1921 364 1962 haud
395 1923 452 1963 ita
480 1923 702 1977 ingeniosa
732 1924 995 1979 sc1ipserunt
1036 1913 1085 1966 οὗ
1116 1918 1270 1967 ’.κτίνει
1330 1924 1618 1976 Hermannus,

249 1990 323 2045 qui
352 1990 534 2031 mutavit
564 1986 706 2033 ’κτίνει
732 1988 986 2044 111’κτίνειν,
1016 1990 1158 2033 locum
1189 1991 1386 2036 restituit.

359 2056 524 2101 Andr.
555 2073 594 2100 v.
625 2055 729 2101 251:

418 2117 556 2181 οὗπερ
587 2121 722 2169 οὕνεκ’
754 2124 952 2182 ἐστάλην

357 2192 500 2237 Schol
535 2193 645 2236 cod.
660 2194 708 2236 P.
740 2195 875 2250 οὗπερ
904 2190 1052 2236 ἐνθάδ’
1087 2190 1240 2236 indm.-
1270 2208 1330 2271 γρ.
1362 2191 1469 2235 ἕνεκ’
1499 2190 1618 2235 ἐστοί-

244 2261 336 2318 λην.
399 2259 520 2312 Quae
542 2261 678 2313 lectio,
712 2262 839 2304 modo
869 2267 1053 2303 mutetur
1073 2275 1167 2304 ενεκ
1187 2261 1233 2302 in
1255 2256 1402 2310 ου”,νεκ
1430 2261 1618 2315 genuina

247 2335 322 2382 est,
353 2342 451 2370 cum
483 2329 598 2385 quod
628 2329 785 2385 legitur
825 2330 870 2371 in
901 2329 1099 2371 lemmate
1132 2335 1173 2371 et
1201 2330 1246 2370 in
1280 2328 1405 2375 codd.
1435 2328 1512 2370 BE
1543 2342 1617 2370 na-

245 2402 337 2438 tum
369 2397 421 2439 sit
467 2411 520 2438 ex
563 2398 954 2454 interpretamento.
1014 2397 1178 2439 Eadem
1209 2396 1402 2439 lectionis
1435 2397 1617 2438 varietas

245 2464 458 2506 invenitur
488 2465 588 2507 Med
632 2482 674 2510 v.
707 2462 802 2510 663.
