1716 3017
912 104 967 154 36

376 235 498 287 Quae
542 234 675 277 verba
716 235 774 277 ita
820 241 917 277 sunt
961 235 1254 292 intelligenda,
1298 244 1346 280 ut
1392 239 1621 294 significari

260 308 456 359 putemus
502 301 608 343 illud
650 302 849 345 λοίσθιον
886 301 1015 345 κακόν
1059 319 1098 348 v,
1131 301 1252 348 1095.
1312 306 1415 348 Post
1443 305 1622 348 verbum
1701 331 1703 353 ς

262 376 404 412 autem
433 369 548 425 quod
587 375 651 411 est
687 374 842 413 τέκνων
869 386 907 414 V.
940 368 1051 413 1100
1081 378 1228 414 contra
1260 373 1408 414 scholii
1441 373 1624 414 auctori·
1701 412 1703 415 .

260 443 388 479 tatem
416 436 544 493 plene
574 437 918 492 distinguendum
944 443 1019 492 est,
1051 453 1147 480 culn
1172 454 1221 481 ea
1251 454 1362 496 quae
1389 446 1624 496 sequuntur

263 506 382 559 ,,πῶς
413 498 489 546 οὗν
518 502 633 546 λύει“
664 506 764 558 κτλ,
809 520 898 547 non
943 507 1026 548 sint
1067 506 1290 549 referenda
1333 508 1389 549 ad
1429 522 1479 549 ea
1518 506 1623 561 sola,

262 586 373 628 quae
400 573 596 627 proxime
623 572 924 624 antecedunnt,
956 573 1031 615 sed
1058 574 1114 616 ad
1146 576 1397 617 sententiam
1426 581 1514 618 toto
1535 575 1624 616 fere
1657 614 1674 622 „

261 639 379 681 chori
410 640 575 682 cantico
607 654 866 696 expressam.

374 707 428 749 V.
462 704 594 750 1102:

372 773 487 832 τήνδ’
517 774 590 817 ἐπὶ
619 774 760 831 λύπην
787 775 915 817 Bood
949 777 1005 828 B,
1050 775 1125 817 sed
1156 776 1200 816 in
1232 776 1269 817 Β
1298 776 1530 831 ascriptum
1562 781 1626 818 est

260 858 321 898 γρ.
353 842 469 900 τήνδ’
499 841 561 885 ἔτι
589 841 741 899 λύπην,
785 857 914 899 quam
946 842 1172 885 lectionem
1201 845 1292 885 sine
1323 843 1449 885 dubio
1479 857 1624 885 veram

260 912 512 953 confirmant
555 911 687 953 verba
736 911 868 953 schol.
921 926 961 967 p.
1001 907 1068 964 69,
1113 926 1153 955 V.
1182 910 1230 953 4:
1283 913 1376 958 πῶς
1415 909 1478 953 ἔτι
1514 911 1627 952 λυσι-

259 980 377 1022 τελεῖ
402 981 489 1021 κτλ.

373 1046 426 1091 V.
459 1042 590 1089 1119:

430 1109 520 1170 ἥτις
548 1112 763 1168 τυράννων
794 1113 937 1156 ἑστίαν
968 1109 1199 1171 ᾐκισμένην

428 1185 588 1238 χαίρεις
616 1180 811 1225 κλύουσα.
846 1207 899 1212 —

372 1251 679 1291 Accusativum
724 1246 963 1307 ᾗκισμὲνην,
1009 1250 1082 1305 qui
1130 1255 1194 1291 est
1239 1252 1283 1291 in
1321 1249 1444 1292 codd.
1491 1249 1622 1291 BEab

259 1319 452 1373 agnoseit
479 1317 612 1361 schol.
646 1313 776 1360 1129:
828 1314 902 1360 οὐκ
945 1312 1121 1372 ἀγωνιᾷς
1159 1314 1373 1360 ἀκούσασα
1402 1316 1479 1360 τὸν
1507 1320 1624 1371 βασι-

258 1381 374 1428 λικὸν
405 1381 518 1428 οἷκον
545 1384 826 1441 διεφθάρθαι.
856 1410 908 1416 -

371 1454 424 1498 V.
458 1450 589 1496 1128:
645 1443 647 1446 ¹

432 1521 484 1563 δι’
519 1519 638 1563 α’)’των
666 1521 701 1562 δ’
730 1516 857 1567 εὐθὺς
887 1513 938 1576 ἦν
969 1517 1099 1567 πολὺς
1127 1520 1262 1573 λόγος.

373 1589 555 1630 Weilius
597 1589 760 1644 primus
797 1587 1024 1641 intellexit,
1071 1589 1238 1630 variam
1267 1588 1491 1630 lectionem
1523 1602 1622 1630 con-

259 1658 384 1699 tineri
415 1656 556 1698 verbis
593 1655 740 1698 scholii
777 1652 910 1698 1136:
955 1652 1087 1703 πολὺς
1128 1649 1184 1712 ἢν
1228 1653 1353 1710 λόγος
1396 1652 1501 1698 κατὰ
1547 1654 1625 1711 τὴν

259 1724 404 1769 οἰκίαν.
478 1723 610 1781 Cujus
657 1723 954 1779 explicationis
1011 1730 1157 1766 auctor
1203 1725 1295 1765 sine
1345 1723 1474 1766 dubio
1523 1723 1625 1779 legit

259 1793 311 1834 δι’
343 1792 480 1844 οἴκων,
511 1792 626 1847 quod
648 1806 812 1833 summo
832 1793 932 1848 jure
953 1791 1134 1833 Weilius
1165 1792 1276 1833 inter
1308 1799 1461 1847 poetae
1491 1791 1624 1834 verba

257 1861 427 1916 recepit.
489 1859 552 1904 Of.
583 1859 725 1902 Klotz.
756 1859 896 1901 Praef.
927 1858 1040 1901 Med.
1077 1874 1114 1901 a.
1145 1856 1267 1911 1867,
1297 1875 1340 1914 p.
1369 1859 1493 1901 XIII.

373 1927 459 1969 Sed
504 1942 654 1970 vereor
697 1933 743 1969 ut
785 1928 946 1983 possim
976 1927 1158 1983 probare
1208 1927 1397 1982 ejusdem
1439 1927 1622 1969 hominis

258 1996 370 2037 docti
392 1995 605 2052 judicium
634 1995 688 2037 de
719 1994 879 2037 scholio
910 1992 1020 2038 1158
1049 1998 1104 2046 (v,
1137 1992 1246 2037 1147
1276 1995 1364 2048 K),
1395 2009 1492 2035 eum
1526 2009 1622 2036 con-

250 2064 444 2119 jecturae
491 2078 592 2105 suae
636 2062 755 2114 zexv’,
805 2060 1012 2113 αὐτόθεν,
1063 2063 1355 2104 auctoritatem
1403 2062 1620 2118 quandam

256 2145 408 2186 parare
446 2131 613 2173 studeat
643 2145 666 2172 e
696 2129 825 2172 verbo
860 2126 1008 2182 εὐθύς,
1054 2130 1171 2186 quod
1214 2131 1258 2171 in
1287 2131 1465 2186 antiqua
1493 2131 1618 2172 inter-

256 2200 493 2254 pretatione
541 2205 640 2240 ante
684 2199 873 2253 λαβοῦσα
915 2200 1119 2240 insertum
1169 2205 1243 2241 est.
1303 2198 1413 2239 Nam
1452 2203 1618 2239 tantum

255 2266 387 2320 abest,
434 2272 481 2308 ut
516 2281 692 2309 necesse
732 2267 785 2308 sit
816 2273 1026 2322 putemus,
1073 2271 1234 2307 certum
1262 2272 1412 2321 poetae
1441 2266 1618 2307 verbum

257 2334 465 2390 explicari
494 2335 568 2377 illo
598 2332 738 2388 εὐθύς,
769 2340 817 2376 ut
846 2333 952 2375 nihil
982 2333 1128 2385 obstet,
1159 2333 1385 2389 quominus
1417 2334 1619 2389 interpre-

253 2407 339 2443 tem
372 2403 611 2455 notionem,
655 2417 764 2459 quae
794 2403 905 2445 inest
934 2403 979 2444 in
1009 2401 1150 2443 verbis
1181 2402 1287 2458 πρὶν
1319 2435 1329 2446 .
1360 2435 1370 2445 .
1405 2435 1415 2446 .
1450 2398 1618 2457 μακρὰν

254 2464 426 2513 ἀπεῖναι
451 2471 553 2525 κτλ.,
584 2471 712 2528 paulo
745 2471 905 2527 majore
925 2471 969 2512 vi
997 2469 1199 2512 extulisse
1220 2469 1484 2522 arbitremur,
1517 2483 1617 2524 quo—
