1716 3017
910 181 966 227 24

424 373 481 422 ὥς
511 375 580 417 καὶ
613 373 677 417 σύ·
709 374 769 432 μὴ
809 377 884 419 νῦν
913 376 970 424 εἰς
999 375 1059 430 ἔμ’
1092 371 1312 433 εὐσχήμων
1347 382 1444 433 γένῃ

423 443 554 497 λέγειν
583 458 629 486 τε
658 443 805 491 δεινός.

367 510 509 555 Schol.
539 508 645 553 584:
704 508 753 553 τὸ
785 511 832 554 δὲ
861 509 920 567 μὴ
954 513 1029 553 νῦν
1058 510 1163 554 κατὰ
1180 509 1396 559 Ἀττικοὺς
1426 510 1616 567 ἀναπέμ-

253 594 381 623 πεται
411 578 767 634 (παραπέμπεται
798 583 862 630 L).

369 646 490 698 Quae
514 645 645 688 verba
665 646 918 703 Hartungus
949 646 1191 701 significare
1222 647 1460 699 arbitratur,
1490 650 1616 704 parti-

255 715 395 757 culam
442 719 669 769 negantem
720 729 773 755 ex
820 729 936 756 more
965 715 1204 755 Atticorum
1252 730 1616 770 supervacaneam

255 781 444 824 additam
478 795 592 832 esse3
623 781 900 837 quamobrem
934 783 1203 838 interpretem
1233 782 1388 837 legisse
1418 790 1558 839 putat:

425 845 523 890 ὥστ’
554 846 601 890 οὐ
632 849 685 891 σὺ
713 845 774 906 μὴ
804 849 878 891 νῦν
908 848 967 896 εἰς
997 847 1058 902 ἔμ’
1088 846 1309 905 εὐσχήμων
1339 853 1446 907 γένῃ.

372 916 493 968 Quae
526 917 738 959 sententia
767 916 981 972 quomodo
1013 931 1036 958 e
1066 917 1204 958 verbis
1235 916 1317 958 illis
1350 917 1443 959 elici
1473 920 1618 974 possit,

257 984 454 1041 equidem
475 999 562 1025 non
583 983 788 1040 intelligo.
836 984 984 1041 Neque
1007 986 1192 1036 omnino,
1224 985 1388 1026 etiamsi
1407 986 1465 1027 ita
1487 986 1619 1042 expli-

255 1051 437 1094 candum
472 1058 582 1093 esset
614 1052 823 1094 scholium
856 1052 974 1103 illud,
1022 1051 1153 1093 verba
1185 1067 1293 1109 quae
1325 1053 1369 1093 in
1402 1053 1619 1095 codicibus
1650 1053 1657 1062 ⁸

257 1125 427 1161 exstant
447 1125 612 1161 mutare
634 1119 792 1173 liceret,
827 1135 922 1161 cum
944 1119 1160 1175 Hartungi
1183 1119 1352 1176 quidem
1375 1122 1620 1177 conjectura

256 1187 436 1244 probata
482 1186 613 1228 verbo
662 1187 776 1243 quod
822 1194 884 1229 est
913 1183 1132 1243 εὐσχήμων
1163 1203 1335 1244 prorsus
1366 1187 1520 1230 falsam
1550 1189 1619 1229 tri-

256 1255 438 1297 buamus
460 1257 725 1298 sententiam.
787 1257 981 1311 Apparet
1002 1256 1113 1296 enim
1141 1269 1194 1297 ex
1223 1256 1284 1297 eis
1307 1270 1416 1311 quae
1438 1271 1620 1312 sequun-

255 1329 336 1375 tur,
366 1323 500 1376 λέγειν
533 1337 575 1365 ιε
596 1325 735 1369 δεινός
765 1338 851 1365 non
889 1322 1127 1377 significare
1155 1321 1376 1380 εὐσχήμων
1406 1323 1620 1364 hominem

256 1390 451 1446 probum,
486 1391 562 1433 sed
594 1390 798 1432 facundia
828 1397 1124 1447 praestantem.

371 1458 621 1500 Rectissime
667 1458 909 1515 Elmslejus,
959 1473 1084 1515 quem
1122 1458 1372 1500 Dindorfius
1421 1459 1621 1515 sequitur,

258 1525 421 1568 scholio
453 1526 632 1568 indicari
663 1526 881 1579 intellexit,
915 1526 1189 1568 scribendum
1220 1541 1311 1568 esse
1340 1525 1399 1582 μή
1429 1541 1518 1570 νυν.

371 1594 467 1636 Non
505 1595 646 1636 minus
688 1594 927 1636 inconsulta
972 1600 1033 1636 est
1077 1595 1203 1647 ratio,
1252 1609 1335 1650 qua
1368 1594 1621 1649 Hartungus

258 1662 558 1717 interpretatur
599 1662 775 1705 Sehol.
807 1659 901 1705 637.
963 1662 1057 1714 Quo
1090 1661 1182 1703 loco
1217 1676 1313 1703 cum
1350 1677 1470 1703 casus
1500 1676 1622 1703 accu-

257 1730 380 1771 sativi
415 1731 488 1786 qui
519 1737 616 1772 sunt
659 1728 783 1784 ὄργάς
820 1736 860 1771 et
889 1733 1005 1785 νείκη
1052 1729 1194 1771 addita
1224 1731 1538 1786 praepositione
1565 1730 1623 1777 εἰς

259 1796 535 1852 explicentur,
581 1798 707 1839 homo
753 1797 826 1839 ille
856 1797 1004 1839 doctus
1036 1797 1273 1851 arbitratur,
1318 1812 1490 1840 necesse
1532 1812 1624 1840 esse

258 1866 466 1907 invenerit
492 1867 688 1922 antiquus
720 1867 927 1921 interpres
948 1872 1116 1921 praeter
1136 1864 1243 1907 haec
1268 1865 1476 1907 vocabula
1504 1865 1624 1907 aliud

257 1932 438 1974 Verbum
471 1939 510 1974 et
544 1934 685 1989 ipsum
714 1934 758 1974 in
792 1948 894 1975 casu
926 1934 1166 1975 accusativo
1198 1933 1407 1988 positum;
1442 1933 1624 1974 scriben-

260 2000 361 2042 dum
391 2015 483 2043 esse
514 2002 643 2056 igitur

429 2065 686 2123 ἄμφιλόγους
720 2063 843 2123 ὀργὰς
873 2067 1081 2123 ἆκόρεστά
1104 2083 1150 2110 τε
1182 2071 1295 2125 νείκη
1323 2099 1332 2109 .
1360 2104 1369 2113 ,
1399 2103 1408 2112 .
1442 2103 1451 2112 .

555 2172 564 2179 .
595 2135 836 2190 προσβάλοι
866 2132 909 2188 μ’
945 2130 970 2177 ἆ
1001 2135 1121 2178 δεινὰ
1151 2133 1333 2191 Κύπρις.

373 2203 460 2246 Sed
492 2205 595 2246 satis
637 2204 798 2245 incerta
830 2203 934 2245 haec
983 2204 1176 2260 suspicio,
1227 2218 1321 2244 cum
1353 2204 1396 2244 in
1428 2210 1626 2260 promptu

259 2273 312 2314 sit
344 2271 427 2314 alia
458 2273 579 2324 ratio,
612 2286 696 2327 qua
726 2270 934 2326 explicari
970 2272 1116 2327 possit,
1148 2286 1223 2312 cur
1257 2269 1471 2312 addiderit
1501 2272 1627 2313 inter—

261 2354 358 2396 pres
401 2340 763 2395 praepositionem
811 2338 881 2385 εἰς.
958 2339 1139 2381 Videtur
1192 2338 1303 2379 enim
1351 2338 1627 2394 conjunxisse

258 2407 388 2450 verba
442 2422 550 2464 quae
597 2413 694 2448 sunt
734 2401 857 2461 ὀργάς
888 2412 929 2449 et
958 2411 1072 2464 νείκη
1119 2421 1214 2448 cum
1246 2403 1482 2462 ἕκπληξασ’,
1527 2420 1627 2462 quo-

259 2490 356 2517 cum
403 2476 495 2532 jam
534 2489 657 2516 casus
706 2475 974 2517 accusativus
1027 2474 1250 2531 copulatus
1301 2480 1389 2514 erat
1437 2471 1626 2527 (θυμόν).

260 2542 356 2596 Qua
393 2544 435 2584 in
465 2557 510 2585 re
553 2556 639 2585 non
671 2541 875 2594 offendes,
919 2542 955 2584 si
995 2548 1134 2585 tecum
1171 2541 1447 2597 reputaveris,
1499 2554 1628 2597 quam
