1716 3017
908 165 963 211 28

260 292 350 344 fuit,
381 297 427 332 ut
455 290 604 332 similis
641 296 829 332 oreretur
856 293 1051 333 mutatio:
1096 291 1146 335 V.
1180 289 1309 335 1201:
1341 291 1616 350 ἐξαναστῆσαι

258 362 397 413 δέμας.
431 358 561 401 schol.
604 354 737 400 1212:
785 360 930 411 δέμαςε
974 373 1032 413 γρ.
1067 357 1185 401 πόδα
1203 355 1239 415 ἢ
1269 359 1378 412 γόνυ.
1408 376 1449 402 v.
1482 358 1615 403 1204:

951 440 1009 480 γρ.
1043 428 1179 480 δέμας.

258 482 539 537 ἐξαναστῆσαι
568 480 683 535 γόνυ.
731 481 823 525 cod.
858 484 900 523 Β
911 497 919 522 :
951 481 1064 534 γόνυ.
1097 507 1152 512 --

427 627 622 682 ἐχθροῖσι
651 629 807 674 παῖδας
837 625 932 675 τοὺς
963 626 1089 682 ἐμοὺς
1117 632 1388 684 καθυβρίσαι.

371 697 495 737 Hunc
525 710 711 748 versum,
743 709 868 751 quem
900 696 1126 738 confictum
1161 712 1254 739 esse
1287 705 1462 754 apparet
1494 713 1516 739 0
1545 715 1614 743 vv,

257 761 379 808 1048.
409 761 477 816 49,
508 763 739 804 rectissime
765 762 957 816 Kirchh.,
993 764 1256 806 Brunckium
1283 772 1322 806 et
1343 766 1616 821 Hartungum

256 837 445 883 secutus,
496 831 687 885 spurium
726 845 821 871 esse
864 837 995 887 putat,
1055 832 1205 888 Neque
1250 839 1394 874 tamen
1436 833 1617 889 probare

256 914 428 956 possum
458 898 709 940 sententiam
738 898 966 955 Hartungi,
999 900 1070 956 qui
1099 914 1122 941 e
1150 899 1309 941 scholio
1331 897 1414 942 773
1445 900 1617 955 colligit,

257 968 453 1023 antiquos
484 967 735 1021 interpretes
765 981 937 1008 versum
966 967 1046 1009 hoc
1075 967 1167 1009 1000
1197 982 1284 1009 non
1311 968 1479 1024 legisse.
1540 968 1616 1010 Le-

257 1041 413 1090 guntur
444 1034 557 1075 enim
604 1034 648 1074 in
692 1033 776 1075 fine
819 1033 972 1076 scholii
1005 1031 1088 1078 773
1125 1034 1252 1077 haec:
1302 1034 1526 1092 αἰτήσομαι
1558 1035 1617 1087 δὲ,

257 1102 399 1158 φησὶν,
433 1097 563 1143 αὐτὸν
592 1098 686 1148 τούς
717 1103 874 1148 παῖδας
903 1099 1027 1144 ἐᾶσαι
1048 1100 1235 1145 ἐνταῦθα
1263 1108 1418 1156 μεῖναι,
1447 1104 1516 1144 καὶ
1544 1099 1618 1144 αὐ-

257 1168 366 1223 τοὺς,
398 1170 517 1225 φησὶ,
548 1169 874 1223 συγκατακτενῶ,
905 1165 994 1212 ἀλλ’
1015 1170 1082 1213 ἵνα
1103 1171 1316 1226 πρότερον
1338 1171 1621 1226 διακονήσωσί

255 1253 329 1291 μοι
361 1234 472 1293 πρὸς
500 1234 576 1279 τὸν
607 1238 679 1293 τῆς
711 1236 897 1294 Γλαύκης
927 1237 1129 1283 θάνατον,
1176 1262 1228 1269 —-
1279 1238 1445 1290 Quibus
1475 1238 1616 1280 verbis

258 1320 387 1362 quam
419 1304 672 1346 brevissime
693 1305 964 1361 explicantur
995 1321 1056 1355 ea,
1090 1320 1199 1362 quae
1231 1306 1428 1361 leguntur
1457 1305 1557 1347 inde
1578 1320 1616 1347 a.

256 1389 295 1417 v.
319 1369 412 1416 775.
445 1387 580 1428 usque
607 1372 674 1418 ad.
694 1388 733 1414 v.
756 1369 850 1415 789.
911 1372 1054 1425 Quare
1082 1388 1352 1430 nequaquam
1374 1372 1617 1414 mirandum

257 1446 330 1491 est,
364 1440 479 1496 quod
512 1455 661 1482 versus
689 1439 770 1483 777
802 1440 922 1482 nulla
951 1441 996 1482 fit
1025 1442 1195 1482 mentio.
1253 1441 1403 1497 Neque
1431 1440 1616 1482 Hartun-

257 1524 348 1565 gus,
378 1509 410 1549 si
442 1509 680 1551 accuratius
712 1509 1012 1564 quaesivisset,
1057 1509 1111 1551 ad
1143 1523 1352 1565 quaenam
1384 1499 1617 1550 verba‘ex-

257 1577 428 1633 plicatio
459 1576 534 1618 illa
563 1575 788 1618 referenda
819 1583 940 1629 esset,
991 1576 1180 1629 dixisset,
1225 1576 1277 1618 de
1309 1576 1437 1618 caede
1467 1575 1618 1618 libero-

257 1660 350 1686 rum
396 1644 478 1686 hoc
520 1644 613 1686 loco
659 1658 747 1685 non
790 1659 882 1686 esse
927 1659 1178 1697 sermonem,
1217 1643 1498 1686 scribendum
1526 1658 1618 1685 esse

256 1714 382 1768 igitur
412 1713 455 1753 in
484 1713 577 1768 ipso
609 1712 770 1754 scholio
800 1709 874 1763 οὐχ
904 1707 957 1758 ὥς
986 1707 1132 1758 αὐτοὺς
1160 1710 1420 1765 ἐγκαταλίπω
1450 1726 1527 1767 pro
1559 1711 1618 1752 eis

258 1794 368 1837 quae
397 1794 512 1821 nunc
545 1780 819 1822 inveniuntur
847 1780 914 1821 καὶ
944 1774 1091 1826 αὐτοὺς
1122 1779 1449 1833 συγκατακτενῶ.
1507 1778 1618 1820 Nam

257 1854 450 1905 spectant
480 1848 585 1889 haec
615 1849 707 1903 ipsa
727 1848 858 1889 verba
888 1854 975 1889 tam
1004 1853 1150 1903 aperte
1181 1847 1238 1889 ad
1269 1862 1317 1889 ea
1339 1862 1448 1904 quae
1470 1846 1618 1901 legun-

256 1922 324 1958 tur
358 1930 398 1959 V.
429 1912 513 1958 785
542 1919 664 1958 τὲκνα
694 1911 771 1971 γὰρ
802 1917 1053 1969 κατακτενῶ,
1099 1921 1144 1956 ut
1173 1915 1291 1957 nulla
1323 1916 1495 1956 omnino
1528 1928 1619 1956 esse

257 1984 389 2039 possit
420 1982 638 2036 dubitatio,
672 1984 775 2039 quin
804 1984 896 2039 ipse
917 1983 1067 2025 scholii
1095 1988 1244 2024 auctor
1263 1984 1477 2039 scripserit
1510 1981 1620 2023 illud

258 2050 584 2104 συγκατακτενῶ.
646 2050 767 2103 Quae
788 2065 884 2092 cum
907 2051 965 2091 ita
993 2052 1089 2104 sint,
1118 2048 1346 2092 concidunt
1368 2065 1417 2091 ea
1434 2063 1619 2106 quoque,

260 2133 370 2174 quae
408 2118 624 2160 concludit
653 2118 774 2162 Ha1t
807 2133 829 2160 e
860 2117 1001 2159 verbis
1027 2118 1080 2160 ab
1114 2120 1205 2175 ipso
1237 2119 1436 2160 restitutis
1467 2113 1547 2168 οὐχ
1567 2111 1620 2162 ὥς

259 2181 404 2234 αὐτοὺς
434 2183 716 2239 ἐγκαταλίπωε
760 2185 913 2241 legisse
960 2188 1182 2243 antiquum
1226 2187 1500 2241 interpretem
1533 2199 1621 2225 non

259 2251 335 2305 οὐχ
365 2251 418 2300 ὥς
446 2254 641 2307 λιποῦσα,
676 2254 749 2296 5οᾶ
781 2251 857 2306 οὐχ
888 2252 941 2300 ὥς
971 2255 1079 2296 λίπω
1109 2266 1202 2309 σφε
1232 2280 1275 2284 ἢ

373 2321 424 2366 V.
459 2318 543 2364 820
575 2336 661 2377 sq.:

428 2390 498 2431 καὶ,
526 2391 643 2432 θεῶν
672 2390 824 2435 παῖδες
854 2389 1053 2445 μακάρων
1083 2389 1195 2446 ἱερᾶς

428 2456 566 2514 χώρας
595 2454 848 2513 ἀπορθήτου
877 2458 911 2500 τ’
943 2455 1294 2513 ἄποφερβόμενοι

429 2525 698 2569 κλεινοτάταν
730 2527 893 2580 σοφίαν.
