1716 3017
726 147 847 213 23'

81 296 170 352 ejus
191 295 448 350 interpretis,
480 294 600 350 cujus
622 298 685 334 est
712 294 1000 349 interpretatio
1032 294 1076 334 in
1099 292 1268 334 scholiis
1290 296 1440 348 quarta

78 361 220 414 allata,
251 376 332 402 nec
363 376 450 402 non
481 360 661 402 eandem
691 360 889 417 probavit
916 360 1155 417 Elmslejus.
1189 386 1236 390 —

188 440 337 495 Pergit
365 438 498 481 Jason
526 455 566 481 v.
596 435 702 482 528:

244 506 393 549 πόνων
419 502 617 560 ἀφύκτων
646 501 806 560 τούμὸν
838 505 1020 548 ἐκσῶσαι
1052 507 1191 561 δέμας.
1231 531 1271 537 w

244 572 386 616 πόνων
406 569 611 642 ἀφύκτων

187 629 373 681 Βτόξοις
394 627 595 686 ἀφύκτοις
624 630 853 687 E[a]b[cd]
884 630 1019 680 τόξοις
1043 625 1242 686 ἀφύκτοις
1273 630 1440 686 Οτὸφις

75 696 273 754 ἀφύκτοις
309 699 353 740 Β
390 697 534 741 πόνων
578 695 794 753 ἀφύκτων,
852 704 1079 754 utrumque
1129 697 1296 741 videtur
1346 712 1438 740 esse

75 768 118 808 in
153 765 195 808 C.
229 791 274 796 -

189 832 359 877 Schol.
413 831 485 875 ἐὰν
530 848 608 888 γαρ
663 847 725 879 τις
777 829 957 888 ἀκριβῶς
992 831 1192 890 ἐξετάσῃ,
1245 833 1269 876 ό
1309 832 1440 889 Ἔρως

76 903 113 944 o·y
144 899 348 958 ἠνάγκασε
374 898 514 950 τόξοις
543 896 741 954 ἀφύκτοις
774 899 957 943 ἐκσῶσαι
983 903 1123 955 δέμας.
1155 903 1246 944 οἷον
1279 899 1355 944 οὐκ
1381 916 1440 948 εις

75 967 198 1024 χάριν
229 966 306 1024 τὴν
335 966 464 1024 ἐμὴν,
503 964 608 1010 ἀλλὰ
649 966 755 1011 κατὰ
786 964 966 1025 ἀνάγκην
995 971 1128 1011 ταῦτα
1158 968 1342 1025 ἔπραξας
1371 970 1440 1012 καὶ

76 1038 160 1079 τῶν
188 1030 382 1090 ἀφύκτων
413 1034 558 1077 πόνων
589 1033 793 1084 ἐξέσωσας
822 1032 984 1090 τούμὸν
1016 1037 1147 1090 σῶμα.

189 1102 440 1159 Explicatur
470 1103 597 1158 igitur
629 1110 810 1160 utraque
841 1104 966 1146 lectio
998 1104 1117 1146 nullo
1148 1105 1260 1147 facto
1304 1107 1438 1147 varie-

76 1174 172 1215 tatis
193 1171 363 1214 indicio.
431 1170 572 1222 Quare
592 1171 672 1212 Kir
676 1171 770 1215 chh.
796 1172 928 1213 verba
949 1172 1063 1215 hunc
1084 1172 1204 1214 feie
1194 1188 1239 1214 111
1265 1174 1440 1215 modum

76 1238 405 1294 iedintegranda
426 1253 517 1280 esse
548 1245 712 1280 censet:
747 1273 753 1280 .
781 1275 789 1283 .
815 1275 823 1284 .
851 1273 859 1282 .
893 1236 965 1282 ἐὰν
995 1240 1041 1282 δὲ
1069 1239 1272 1296 γράφεται
1290 1241 1440 1283 πόνων

75 1302 294 1361 ἀφύκτων,
345 1308 436 1349 οἱον
467 1308 554 1348 κατ’
585 1303 765 1363 ἀνάγκην
796 1308 880 1351 κτλ
940 1307 1103 1349 Eadem
1136 1315 1198 1350 est
1231 1310 1442 1351 sententia

76 1373 300 1417 Bartholdi
331 1389 372 1429 p.
401 1371 469 1416 39.
499 1373 717 1416 Nauckius
750 1379 856 1418 Nov
886 1375 1042 1419 Annal
1073 1376 1223 1431 philol.
1253 1383 1294 1418 et
1314 1377 1439 1432 paed.

75 1442 159 1487 vol.
189 1439 257 1487 69,
291 1457 332 1497 Ρ.
361 1438 443 1484 621
475 1443 616 1484 omnia
661 1449 776 1484 recte
806 1457 850 1484 se
895 1443 1051 1484 habere
1081 1450 1215 1499 putat,
1246 1445 1281 1486 si
1310 1445 1441 1487 verba

79 1525 188 1566 quae
219 1515 316 1551 sunt
344 1510 413 1552 καὶ
442 1509 526 1551 τῶν
557 1506 753 1564 ἀφύκτων
785 1510 935 1553 πόνων
966 1517 1183 1553 mutentur
1223 1513 1266 1553 in
1299 1507 1326 1568 ἢ
1355 1512 1441 1555 τῶν

75 1575 272 1633 ἀφύκτων
321 1575 483 1620 πόνων.
555 1577 675 1628 Quae
724 1580 978 1620 mutationes
1026 1593 1130 1620 num
1176 1581 1442 1622 necessariae

77 1646 179 1699 sint,
225 1646 261 1687 si
287 1644 459 1701 quidem
488 1644 620 1687 verba
659 1646 792 1701 ipsius
824 1647 1008 1688 auctoris
1037 1648 1189 1689 incerti
1219 1648 1441 1689 restituere

76 1713 288 1763 volumus,
321 1712 480 1765 dubito,
513 1713 715 1768 quoniam
746 1713 860 1755 haud
880 1729 974 1756 raro
997 1714 1059 1755 illi
1089 1716 1281 1757 evenisse
1310 1721 1440 1771 patet,

77 1787 123 1822 ut
138 1780 328 1822 diversas
347 1780 612 1822 diversarum
631 1780 859 1823 lectionum
875 1783 1244 1838 interpretationes
1260 1783 1442 1839 perinde

77 1863 127 1890 ac
171 1849 207 1890 si
250 1848 400 1890 eodem
443 1847 628 1889 redirent
674 1848 998 1903 conglutinaret.
1060 1850 1332 1907 Quamquam
1361 1851 1442 1892 hoc

79 1916 250 1971 quidem
295 1915 387 1958 loco
417 1916 667 1971 conjecturis
716 1915 800 1958 illis
840 1918 1066 1960 auctoritas
1098 1917 1309 1974 quaedam
1341 1918 1442 1960 inde

77 1985 288 2037 nascitur,
340 1983 454 2040 quod
486 1998 580 2024 cum
612 1984 657 2024 in
691 1983 861 2025 scholiis
891 1990 979 2026 tum
1016 1987 1059 2027 in
1088 1987 1191 2042 ipsis
1224 1986 1442 2028 codicibus

78 2052 260 2093 varietas
291 2051 484 2094 lectionis
513 2052 741 2096 invenitur.
802 2052 1004 2094 Ceterum
1044 2053 1178 2095 verba
1212 2068 1319 2110 quae
1346 2060 1444 2097 sunt

79 2115 217 2166 τόξοις
247 2114 444 2173 ἀφύκτοις
489 2133 582 2161 esse
613 2119 847 2175 Euripidea
892 2126 932 2161 et
963 2120 1158 2162 codicum
1190 2123 1443 2164 auctoritate

81 2192 121 2227 et
147 2187 239 2242 ipso
269 2187 577 2229 sententiarum
608 2201 722 2228 nexu
756 2188 815 2245 ita
846 2189 1159 2244 comprobatur,
1203 2196 1249 2231 ut
1277 2191 1443 2232 mireris

80 2253 389 2296 dubitationem
425 2253 693 2307 Kirchhoffii,
724 2256 812 2311 qui,
851 2270 947 2297 cum
985 2257 1030 2297 in
1062 2256 1127 2298 ed.
1158 2256 1269 2302 Med,
1300 2258 1441 2302 Berol.

81 2317 193 2363 1852
218 2322 459 2378 scripsisset
483 2320 618 2369 τόξοις
649 2318 860 2377 ἀφύκτοις,
893 2321 949 2364 'in
985 2323 1051 2365 ed.
1081 2324 1230 2381 Eurip.
1262 2341 1299 2369 a.
1332 2323 1444 2369 1855

80 2388 213 2430 verba
243 2387 391 2432 πόνων
416 2385 612 2444 ἀφύκτων
642 2392 816 2446 recepit,
853 2390 957 2433 illud
989 2389 1129 2440 τόξοις
1158 2389 1357 2447 ἀφύκτοις
1384 2395 1445 2435 in-

80 2462 250 2498 vectum
281 2471 373 2499 esse
403 2464 518 2500 ratus
548 2471 603 2499 ex
631 2457 808 2514 Hippol.
838 2474 878 2503 v.
910 2457 1041 2511 l416;
1088 2459 1274 2517 denique
1300 2462 1345 2502 in
1377 2461 1443 2506 ed.

81 2538 120 2566 a.
147 2521 257 2567 1867
286 2525 419 2568 verba
450 2524 585 2575 τόξοις
615 2523 815 2580 ἀφύκτοις
845 2528 1048 2584 reposuit.
1077 2552 1127 2558 —
