1716 3017
922 157 978 203 64

267 277 460 332 domum,
517 279 592 320 sed
643 279 846 324 Jasonem
902 282 1072 339 quantis
1128 283 1341 326 ornaverit
1395 284 1628 332 benefieiis.

267 369 319 374 -—
351 345 532 388 Accedit
561 347 675 403 quod
714 363 769 390 ne
813 365 961 392 verum
993 349 1164 406 quidem
1196 350 1365 406 diceret,
1415 353 1450 394 si
1497 359 1627 396 totam

266 428 310 453 se
361 415 564 456 evertisse
609 414 758 458 Peliae
805 417 979 460 domum
1026 424 1301 464 asseveraret.
1363 418 1483 472 Quae
1531 435 1628 462 cum

262 481 320 521 ita
375 481 479 533 sint,
532 482 669 535 δόμον
723 491 900 541 apparet
954 500 1044 527 esse
1092 492 1239 527 natam
1287 501 1309 528 e
1356 488 1626 544 conjectura,

264 563 393 604 quam
421 549 580 591 factam
602 566 695 592 esse
727 553 928 609 conjicias
950 553 1002 594 ab
1024 553 1194 595 homine
1226 554 1387 608 critico,
1420 556 1492 611 qui
1522 556 1628 598 haee

262 616 396 658 verba
441 624 633 673 spectare
677 619 732 661 ad
776 619 982 662 Jasonem
1024 636 1112 662 non
1160 621 1429 677 intelligeret.
1500 623 1627 676 Quod

264 682 421 738 legitur
451 686 493 726 in
524 685 673 727 eodem
701 687 859 741 codice,
892 689 935 729 in
965 703 1046 745 quo
1078 690 1265 743 genuina
1295 689 1419 732 lectio
1452 691 1627 734 affertur

262 751 370 802 (eod.
404 757 467 804 a):
498 768 560 808 γρ.
593 752 742 807 δόμον,
769 755 942 799 videtur
972 771 1064 798 esse
1090 756 1269 799 librarii.
1300 784 1353 788 -—

374 820 503 863 Med.
533 837 574 864 v.
602 819 686 865 534
717 838 800 880 sq,:

873 893 940 934 καὶ
971 894 1090 949 δίκην
1119 891 1348 936 ἐπίστασαι

429 956 576 1010 νόμοις
604 972 650 1000 τε
677 961 866 1015 χρῆσθαι
897 959 957 1017 μὴ
984 959 1096 1017 πρὸς
1127 959 1266 1012 ἰσχύος
1295 961 1434 1017 χάριν,

375 1024 542 1077 Quibus
576 1026 620 1066 in
656 1026 797 1069 verbis
846 1028 1172 1084 interpretandis
1218 1029 1408 1071 homines
1438 1030 1549 1072 docti
1580 1031 1624 1071 in

260 1093 573 1134 diversissimas
620 1101 760 1151 partes
810 1095 1016 1140 abierunt.
1090 1096 1240 1139 Elmsl.
1288 1097 1477 1154 suppleri
1533 1098 1626 1140 vult

259 1161 343 1218 ζῆν,
375 1159 534 1214 διάγειν
566 1169 639 1203 aut
668 1161 751 1203 tale
782 1163 896 1219 quid,
956 1164 1179 1220 Pflugkius
1213 1178 1380 1206 comma
1408 1172 1505 1222 post
1533 1181 1625 1208 ver-

258 1228 359 1270 bum
387 1231 577 1285 χρῆσθαι
608 1230 763 1272 delevit
796 1246 978 1288 eumque
1008 1233 1142 1274 secuti
1189 1238 1287 1274 sunt
1314 1232 1624 1285 Kirchhoffius,

256 1297 492 1351 Nauckius‚
517 1297 726 1351 Klotzius‚
757 1298 950 1353 Weilius,
983 1300 1189 1342 Bauerus.
1249 1300 1444 1342 Klotzius
1476 1300 1623 1343 verbo-

257 1380 350 1406 rum
384 1367 635 1407 sententiam
668 1365 777 1408 hane
823 1382 915 1409 esse
956 1367 1077 1409 dicit:
1129 1368 1321 1423 „legibus
1353 1370 1411 1411 ita
1456 1370 1530 1423 uti,
1575 1375 1622 1412 ut

256 1448 344 1475 non
365 1434 419 1475 ad
446 1434 532 1474 vim
555 1449 605 1475 ae
626 1434 865 1477 lubidinem
888 1437 948 1477 eis
971 1435 1190 1480 abutare.“
1250 1436 1306 1478 At
1326 1451 1413 1478 non
1431 1436 1512 1479 hoe
1533 1436 1623 1478 bar·

256 1502 457 1543 barorum
479 1508 542 1543 est
572 1504 805 1558 proprium,
837 1510 883 1545 ut
912 1503 1078 1559 legibus
1105 1504 1347 1558 abutantur,
1380 1504 1455 1546 sed
1473 1511 1521 1546 ut
1552 1519 1622 1546 eas

255 1569 489 1625 negligant.
551 1569 616 1612 Cf.
653 1570 726 1615 Or.
760 1568 844 1614 480
862 1587 923 1628 sq.
969 1598 1009 1602 -
1039 1572 1273 1614 Schoenius
1305 1572 1495 1629 suppleri
1529 1572 1620 1615 vult

254 1641 519 1691 τεθειμένοις
551 1634 655 1688 (ὕπὸ
681 1641 892 1695 σεαυτῆς),
924 1644 1114 1681 Bauerus
1144 1639 1170 1683 l.
1201 1654 1239 1685 a.
1269 1655 1310 1696 p.
1335 1637 1388 1682 16
1418 1644 1625 1694 κειμένοις

254 1706 323 1748 vel
355 1700 461 1760 οὖσι,
494 1721 604 1762 quae
636 1707 806 1749 dicendi
838 1709 944 1750 ratio
977 1708 1184 1764 exemplis
1224 1707 1363 1750 allatis
1394 1714 1484 1750 erat
1516 1723 1624 1751 com-

253 1775 491 1832 probanda.
524 1799 576 1806 —

369 1843 532 1886 Omnes
566 1842 841 1885 difficultates
872 1843 1081 1885 tolluntur
1100 1849 1273 1900 recepta
1302 1842 1485 1886 lectione
1514 1857 1624 1900 quae

253 1913 375 1955 nobis
397 1912 691 1969 suppeditatur
720 1911 879 1953 scholio
907 1907 1012 1954 538:
1044 1908 1094 1953 τὸ
1124 1910 1249 1967 χάριν
1270 1910 1481 1966 γράφεται
1512 1910 1622 1967 θρά-

255 1993 320 2023 σει
367 2005 420 2011 -
469 1980 651 2036 probata
692 1978 769 2021 illa
813 1979 984 2035 quidem
1023 1979 1264 2035 Hartungo,
1311 1979 1386 2021 sed
1416 1993 1442 2020 a
1474 1981 1622 2020 ceteris

254 2050 450 2091 omnibus
481 2048 649 2104 rejecta.
712 2047 808 2100 Qua
849 2049 1057 2104 scriptura
1103 2048 1291 2104 reposita
1330 2061 1496 2088 comma
1525 2052 1622 2102 post

251 2117 444 2174 χρῆσθαι
491 2115 751 2158 servandum
785 2122 865 2167 est,
912 2122 958 2157 ut
990 2115 1070 2157 sibi
1105 2122 1376 2171 opponantur
1406 2113 1554 2168 νόμοις
1581 2120 1622 2156 et

251 2184 360 2241 πρὸς
397 2185 540 2237 ἰσχύος
579 2183 763 2241 θράσειε
808 2183 971 2239 legibus
1016 2184 1101 2237 uti,
1146 2197 1233 2224 non
1278 2182 1437 2225 fiducia
1479 2197 1620 2239 opum.

251 2254 341 2296 Nee
371 2253 562 2309 profecto
602 2252 715 2306 latet,
764 2267 847 2309 quo
890 2252 1017 2294 modo
1047 2252 1204 2294 factum
1236 2252 1305 2304 sit,
1350 2258 1397 2293 ut
1442 2250 1619 2293 verbum

251 2321 412 2378 θράσει
441 2322 676 2378 ejiceretur.
738 2321 1034 2377 Comperimus
1057 2321 1167 2362 enim
1198 2335 1221 2361 e
1243 2317 1375 2365 sehol.
1396 2318 1509 2363 Med.
1533 2313 1618 2360 469

251 2396 416 2433 veteres
445 2390 748 2446 grammaticos
778 2387 946 2445 θάρσος
968 2396 1009 2430 et
1028 2386 1197 2445 θράσος
1218 2394 1391 2445 putasse
1422 2388 1483 2429 ita
1505 2388 1618 2428 inter

252 2474 296 2502 se
327 2458 511 2509 differre,
561 2464 607 2499 ut
655 2457 834 2499 alterum
883 2459 927 2498 in
958 2458 1131 2510 bonam,
1178 2456 1356 2498 alterum
1381 2458 1426 2498 in
1458 2455 1615 2498 malam

251 2533 414 2584 partem
458 2526 754 2583 accipiendum
798 2532 920 2569 esset.
980 2526 1105 2580 Quod
1142 2526 1368 2568 discrimen
1400 2526 1435 2568 si
1466 2539 1616 2567 revera
