1716 3017
930 150 986 196 60

273 277 417 331 pravis
451 291 595 319 earum
628 278 831 331 moribus,
874 291 979 334 quos
1011 277 1244 320 Hermione
1273 284 1398 322 antea
1427 279 1636 323 extulisse

273 343 466 386 dicitur.“

386 413 436 454 V.
468 410 599 456 1195:

441 472 474 522 (3
504 482 591 523 κατ’
619 480 751 537 ἄντρα
780 482 900 535 νύχια
929 486 1102 540 Νηρέως
1131 481 1251 539 κόρη.

385 548 526 590 Schol.
563 545 685 594 1224.
719 565 757 592 a.
790 566 838 607 γρ
882 550 1035 606 βύθια,
1078 554 1268 593 τουτέστι
1296 553 1449 605 βαθέα.
1507 552 1635 604 Quod

273 618 344 672 qui
391 618 573 673 conjecit
612 618 711 674 jure
751 619 923 674 quidem
966 618 1145 660 offendit
1189 619 1231 659 in
1268 619 1399 661 verbo
1431 620 1545 676 quod
1575 626 1637 662 est

272 682 403 736 νύχια,
448 686 548 741 quia
579 700 664 726 non
702 686 966 742 intelligitur,
1013 701 1088 728 cur
1133 686 1282 727 Thetis
1326 687 1369 728 in
1415 689 1634 731 nocturnis

271 754 402 794 antris
432 754 593 794 versari
626 752 803 807 dicatur,
835 769 975 811 neque
1003 760 1145 797 tamen
1177 755 1268 810 ipse
1298 756 1457 811 reperit
1486 769 1635 797 veram

270 821 537 876 scripturam.
569 835 677 877 quae
708 827 770 863 est
798 821 940 876 μύχια,
975 822 1029 864 ab
1058 821 1307 863 Hermanno
1338 823 1520 867 inventa.
1567 821 1633 867 Cf.

270 888 365 932 Hel.
398 904 438 933 V.
464 886 570 931 4⁸25:
601 886 648 931 ἐν
674 887 829 945 ἄντρου
854 896 1022 945 μυχοῖς.
1080 891 1234 934 Aesch.
1254 890 1371 935 Pers.
1393 888 1487 933 874.
1508 893 1636 944 μυχία

271 959 529 1012 Προποντίς.
563 983 617 988 ——

383 1025 435 1068 V.
472 1021 593 1070 1200.
640 1021 792 1081 λευκὴν
833 1025 999 1081 αἰθέρα.
1061 1026 1202 1069 Schol.
1254 1022 1386 1069 1228:
1432 1026 1636 1082 γράφεται

268 1090 416 1135 λευκὸν
450 1093 614 1149 αἰθέρα.
663 1090 842 1149 Ὅμηρος
875 1094 1073 1149 ,,αι’θέρος
1104 1092 1149 1136 ἐκ
1179 1096 1311 1150 δίηςιι.
1341 1119 1392 1125 -

381 1162 513 1217 Apud
540 1162 775 1203 Homerum
802 1162 932 1218 αἰθήρ
955 1177 1123 1218 semper
1151 1168 1214 1203 est
1234 1163 1402 1217 generis
1423 1162 1634 1215 feminini,

268 1229 383 1285 apud
415 1230 568 1270 Aesch.
606 1236 646 1270 et
686 1229 946 1285 Sophoclem
981 1230 1202 1272 masculini
1248 1230 1339 1280 (sed
1375 1230 1481 1274 Oed.
1513 1229 1563 1271 R.
1592 1244 1634 1271 v.

267 1295 362 1342 866.
395 1295 594 1353 οὐρανίαν
624 1293 679 1339 δι’
707 1296 892 1354 αἰθέρα).
955 1298 1083 1354 Apud
1114 1297 1364 1353 Euripidem
1410 1313 1486 1339 sex
1529 1296 1633 1339 locis

266 1380 401 1420 genus
451 1365 704 1407 femininum
749 1367 986 1407 invenitur:
1031 1365 1204 1407 Electra
1247 1362 1352 1418 991,
1401 1365 1495 1409 Α10.
1538 1362 1634 1419 606,

265 1433 362 1478 Jon.
398 1430 520 1481 1448,
565 1432 702 1477 Andr.
730 1432 813 1475 114
859 1433 1004 1486 Dind.‚
1043 1433 1186 1488 Frgm.
1233 1435 1350 1485 (inc.)
1385 1430 1468 1475 968
1499 1432 1632 1477 Dind.

267 1501 348 1553 (Cf.
383 1502 588 1544 Wtistem.
628 1501 681 1543 ad
713 1501 807 1542 Alc.
850 1499 978 1554 605.)‚
1026 1515 1161 1557 eoque
1191 1501 1299 1553 1000,
1346 1500 1399 1542 de
1431 1515 1514 1557 quo
1548 1501 1635 1554 agi-

268 1585 373 1613 mus,
435 1569 599 1611 Scholii
648 1570 763 1610 enim
803 1571 1030 1611 auctoritas
1062 1570 1222 1610 nemini
1255 1569 1542 1625 persuadebit,
1587 1575 1634 1610 ut

267 1638 463 1679 codicum
493 1639 747 1693 scripturam
777 1652 869 1679 esse
900 1637 1148 1679 mutandam
1182 1643 1312 1693 putet.
1376 1637 1579 1679 Ceterum
1610 1652 1633 1679 e

267 1705 396 1747 schol.
439 1705 533 1749 Alc.
580 1703 662 1748 756
709 1706 922 1761 conjicias,
967 1705 1046 1747 hoc
1095 1705 1187 1746 loco
1233 1706 1460 1762 ascriptam
1501 1705 1634 1747 fuisse

266 1780 411 1815 notam
442 1774 645 1815 criticam.
706 1773 770 1818 Cf.
805 1773 1028 1824 Schrader,
1060 1772 1112 1814 de
1139 1780 1225 1815 not.
1258 1776 1345 1818 crit.
1377 1789 1418 1829 p.
1449 1770 1514 1817 21.
1557 1798 1602 1804 --

379 1841 548 1883 Deinde
581 1841 697 1883 haud
742 1857 837 1883 raro
881 1842 1039 1883 factum
1072 1847 1146 1894 est,
1191 1848 1237 1883 ut
1266 1841 1399 1884 verba
1431 1843 1633 1898 interpre-

266 1910 385 1951 tandi
419 1924 546 1952 causa
575 1911 664 1951 sive
706 1912 748 1951 in
779 1911 971 1966 margine
1003 1910 1094 1951 sive
1126 1910 1237 1951 inter
1269 1925 1415 1951 versus
1447 1910 1633 1966 ascripta

266 1993 342 2034 pro
374 1979 502 2020 variis
535 1978 789 2020 lectionibus
812 1978 1068 2020 haberentur
1088 1979 1130 2030 ¹).
1189 1976 1283 2028 Quo
1315 1992 1471 2032 genere
1491 1977 1632 2020 lectio-

266 2061 368 2087 num
386 2046 679 2088 Bernhardius
711 2048 753 2088 in
777 2062 874 2088 eum
896 2045 1104 2087 adductus
1138 2052 1199 2087 est
1220 2060 1419 2099 errorem,
1447 2051 1493 2088 ut
1523 2045 1631 2088 illud

266 2129 327 2169 γρ,
362 2129 682 2171 nonnumquam
721 2114 973 2171 explicantis
1011 2128 1103 2155 esse
1143 2128 1223 2155 nec
1253 2113 1350 2170 plus
1380 2114 1525 2156 valere
1554 2129 1630 2170 pu-

266 2188 374 2224 taret
413 2198 539 2239 quam
584 2179 678 2225 ἀντὶ
722 2183 795 2226 τοῦ
842 2182 911 2224 vel
954 2179 1079 2238 ἤγουν
1097 2184 1140 2233 2).
1202 2181 1341 2233 Quam
1373 2183 1630 2238 opinionem,

267 2250 492 2307 probatam
533 2251 652 2293 illam
710 2251 881 2308 quidem
927 2249 1149 2292 Lobeckio
1191 2249 1246 2292 ad
1278 2250 1344 2306 Aj.
1375 2265 1415 2294 v,
1448 2247 1543 2296 616.
1591 2256 1633 2293 et

360 2426 391 2465 1)
418 2423 469 2455 Cf.
502 2422 667 2455 Wunder.
708 2424 757 2455 De
788 2422 910 2455 scholl.
944 2424 980 2454 in
1007 2422 1112 2464 Soph.
1149 2428 1192 2454 tr.
1224 2424 1314 2454 auct.
1348 2432 1404 2464 pp.
1431 2423 1462 2454 5.
1498 2423 1550 2454 14.
1575 2422 1630 2454 30.

267 2480 448 2514 Francken
475 2481 496 2512 1.
523 2492 552 2513 a.
578 2480 691 2513 Praef.
718 2492 751 2523 p.
782 2480 875 2512 XVI.
911 2479 1012 2512 Pauli
1038 2479 1060 2511 1.
1087 2490 1117 2511 a.
1143 2490 1198 2522 pp.
1224 2480 1256 2511 9.
1282 2481 1334 2510 31.

358 2541 391 2580 2)
417 2538 542 2573 Bernh.
569 2539 604 2570 in
629 2537 802 2570 Eratosth.
827 2548 859 2580 p.
886 2538 963 2569 219.
990 2536 1032 2570 ad
1058 2537 1161 2570 Dion.
1188 2536 1324 2578 Perieg.
1349 2547 1382 2579 p.
1409 2537 1486 2568 542.
1512 2550 1515 2553 ·
