1716 3017
721 144 777 188 47

80 267 131 309 τό
162 282 238 314 τις.
299 266 421 318 Quae
449 267 664 324 Lentingii
703 269 941 310 emendatio
968 268 1065 325 jure
1104 283 1215 311 nune
1246 270 1438 312 omnibus

80 335 260 391 probata
281 341 354 388 est,
389 335 486 377 lieet
504 336 753 378 tenuissima
775 338 827 378 sit
848 344 888 378 et
910 336 1103 378 codicum
1126 342 1165 377 et
1186 337 1436 378 scholiorum

80 403 125 444 in
143 403 287 445 verbis
318 402 477 457 dialogi
507 402 810 445 distribuendis
833 404 1119 456 auetoritasl).
1178 403 1267 445 Nee
1288 404 1439 446 desunt

80 470 296 526 exempla,
339 469 493 526 quibus
527 471 627 511 satis
656 478 808 525 graves
840 471 892 513 ab
924 472 1106 527 antiquis
1137 472 1437 527 interpretibus

79 536 160 579 hae
204 539 248 579 in
291 553 338 579 re
367 538 614 579 commissos
647 553 738 580 esse
784 553 943 580 errores
990 539 1314 582 demonstratur.
1375 538 1436 580 Cf.

80 603 230 647 seholl.
259 604 370 647 Med.
402 601 467 648 63.
498 602 551 647 68
583 595 615 646 ὦ
642 605 778 661 γεραιὲ
808 601 898 648 ἀντὶ
929 608 1003 648 τοῦ
1031 600 1063 647 ὦ
1096 606 1239 662 γεραιά
1272 641 1281 650 .
1316 637 1324 648 .
1357 637 1366 647 .
1398 612 1438 647 et-

166 703 176 713 .
206 670 437 727 προελθών
467 670 627 727 ἤκουσα
656 670 748 715 ἀντὶ
777 676 851 715 τοῦ
877 674 1167 728 προελθοῦσα.

192 739 314 791 Quae
344 741 417 796 qui
456 741 624 796 scripsit
666 741 770 782 miro
812 756 914 782 sane
951 747 1096 797 eaptus
1139 755 1277 782 errore
1305 741 1438 783 verba

79 807 319 864 paedagogi
347 807 493 850 tribuit
524 808 690 850 nutrici.
723 833 772 839 -—
807 808 869 850 Cf.
901 807 1032 850 schol.
1065 808 1177 850 Med.
1210 806 1303 854 759.
1325 834 1381 839 —-

249 942 290 985 εἰ
312 943 347 986 δ’
379 942 598 1000 ἕνδιδοίης,
631 941 779 999 ὥσπερ
811 941 999 997 ἕνδίδως,
1028 943 1155 996 λόγον

192 1011 353 1053 Seholii
383 1008 466 1054 965
495 1017 615 1067 parte
644 1012 783 1067 priore
805 1011 1079 1052 confirmatur
1102 1010 1281 1053 verbum
1302 1010 1436 1064 λόγον,

80 1078 196 1135 quod
243 1078 398 1134 legitur
446 1079 491 1120 in
538 1079 734 1121 omnihus
776 1078 865 1120 fere
904 1078 1026 1120 codd.
1076 1078 1181 1130 (solo
1224 1080 1267 1119 in
1304 1080 1346 1119 B
1377 1086 1438 1120 est

77 1145 250 1200 λόγους).
318 1146 404 1188 Sed
437 1162 546 1203 quae
593 1147 748 1189 deinde
784 1153 1018 1203 sequuntur
1061 1146 1267 1202 particula
1307 1144 1437 1193 ἄλλως

78 1229 265 1256 annexa:
313 1214 353 1257 εἰ
389 1215 438 1256 δὲ
475 1215 545 1256 καὶ
588 1213 808 1270 πράγματι
849 1230 922 1268 μοι
965 1212 1223 1270 θαρσήσειας
1268 1213 1436 1270 σαυτὴν,

77 1277 218 1338 ὥςπερ
263 1284 332 1324 καὶ
373 1281 515 1335 λόγοις
559 1285 733 1337 θαρρεῖς
771 1299 845 1335 μοι
885 1281 1040 1337 σαυτήν
1082 1313 1089 1321 .
1133 1316 1142 1325 .
1186 1316 1196 1325 .
1247 1288 1437 1337 spectare

77 1348 276 1391 videntur
304 1350 360 1392 ad
391 1350 540 1403 λόγοις,
570 1350 684 1406 quod
714 1350 893 1393 verbum
914 1364 1010 1391 oum
1040 1348 1148 1390 falso
1180 1349 1438 1404 intelligeret

75 1417 281 1472 interpres
303 1417 512 1459 adductus
533 1424 605 1468 est,
638 1424 684 1460 ut
712 1417 765 1460 ad
793 1416 997 1473 ἐνδιδοίης
1027 1417 1317 1473 supplendum
1347 1432 1437 1459 esse

74 1483 291 1540 πράγματι
322 1491 493 1541 putaret
508 1482 556 1546 2),
617 1486 823 1528 Dativum
866 1484 998 1538 λόγοις
1043 1484 1313 1526 scribendum
1345 1499 1436 1526 esse

67 1551 161 1607 Jam
207 1554 390 1609 conjecit
435 1553 719 1609 Musgravius,
768 1569 892 1610 quem
937 1553 1127 1609 sequitur
1174 1553 1436 1598 Koernerus.

24 1646 27 1649 -
73 1619 223 1676 Neque
255 1636 356 1664 vero
385 1623 607 1674 sententia,
641 1637 750 1677 quae
771 1622 852 1663 hoe
873 1620 1003 1663 verbo
1025 1626 1198 1676 recepto
1230 1621 1435 1662 nascitur:

77 1687 137 1740 „si
191 1689 458 1731 sermonibus
507 1690 612 1731 meis
654 1689 837 1739 cederes,
885 1688 1244 1745 quemadmodum
1295 1687 1433 1730 eedis“

74 1758 130 1806 (v.
162 1755 358 1810 Koern.),
405 1758 604 1799 convenit
643 1772 739 1798 011111
780 1758 841 1799 eis
881 1772 990 1812 quae
1022 1755 1289 1809 antecedunt,
1338 1771 1433 1797 oum

74 1822 245 1866 Orestes
288 1839 560 1881 nequaquam
605 1832 779 1868 conatus
828 1826 892 1877 sit,
940 1823 1198 1865 Hermionae
1242 1823 1294 1864 de
1329 1822 1435 1877 fuga

71 1892 340 1947 persuadere.

185 2027 330 2070 Verba
357 2043 466 2084 quae
498 2030 698 2084 leguntur
733 2029 777 2069 in
809 2027 936 2070 schol.
970 2024 1078 2071 1031
1111 2027 1273 2069 nullam
1303 2028 1434 2070 eonti-

73 2101 177 2138 nent
205 2095 403 2138 lectionis
429 2098 690 2139 varietatem.
749 2095 899 2151 Neque
926 2096 1038 2136 enim
1057 2094 1281 2151 probanda
1299 2095 1433 2137 Koer—

55 2164 163 2204 2neri
207 2164 429 2217 sententia,
478 2166 550 2220 qui
591 2167 862 2220 interpretem
910 2178 987 2218 pro
1021 2161 1273 2218 ἐπεστράφη
1314 2162 1432 2203 aliud

71 2230 173 2286 quid
219 2231 373 2286 legisse
410 2233 604 2289 conjicit,
654 2233 698 2272 in
730 2245 913 2272 errorem
957 2230 1163 2272 adductus
1201 2245 1272 2282 eo,
1319 2230 1431 2285 quod

70 2297 282 2341 scholium
324 2298 466 2342 retulit
510 2299 564 2341 ad
607 2304 757 2355 poetae
802 2298 934 2340 verba
980 2299 1086 2340 θεοῦ
1130 2312 1197 2341 νιν
1242 2297 1431 2350 κέλευσμ’

162 2460 194 2501 1)
223 2459 275 2493 Cf.
306 2459 455 2502 Sauppe.
480 2458 543 2502 Ep.
568 2460 643 2492 crit.
673 2469 707 2500 p.
737 2460 812 2492 111.
839 2457 882 2491 Gr.
908 2457 1027 2490 Wolff.
1051 2467 1083 2499 p.
1101 2457 1180 2491 261.
1204 2476 1246 2482 —

158 2517 193 2559 2)
223 2516 274 2549 Cf.
298 2526 403 2559 supra
426 2526 459 2558 p.
487 2517 542 2548 26.
