1716 3017
755 127 872 171 63-

105 273 206 300 sane
228 255 480 300 difficillimo
503 269 590 297 non
611 254 748 295 audeo
771 257 966 294 statuere.
1027 249 1174 295 Herm.
1195 247 1467 290 scribendum

103 341 197 368 esse
227 325 409 382 conjecit
438 325 473 366 δ’
506 318 737 378 ευφρόνων.
776 345 822 351 --

218 393 312 446 His,
358 406 464 449 quas
501 391 835 446 percensuimus,
884 387 1138 428 lectionibus
1183 385 1339 426 similes
1372 390 1470 425 sunt

107 477 196 513 eae,
242 475 352 518 quae
394 458 608 515 piofectae
654 463 752 498 sunt
785 471 840 497 ex
886 456 1081 510 asciiptis
1122 453 1343 508 exemplis.
1404 451 1469 492 Cf.

79 529 293 571 =Lobeck.
326 527 394 571 ad.
425 526 493 582 Aj.
526 541 565 569 v
597 523 664 568 57.
711 524 760 565 G.
794 523 940 567 Wolff
988 522 1014 563 l.
1052 537 1088 563 a.
1118 537 1157 577 p.
1189 517 1283 563 212
1345 519 1468 561 Pauli

106 597 132 641 l
165 612 201 640 a.
234 612 276 652 p.
297 592 365 640 33.
426 594 522 646 Quo
552 594 594 634 in
621 606 798 634 numelo
825 590 1025 633 habenda
1055 590 1232 631 fortasse
1266 603 1329 637 ea,
1363 602 1471 643 quae

105 665 280 707 affertur
319 661 450 707 schol.
483 660 596 702 Med.
640 658 770 702 1405:
817 659 930 710 Ζεῦ,
978 658 1068 699 τάδ’
1099 652 1285 703 ἀκούειςε
1331 671 1391 710 γρ,
1421 652 1469 695 ἰώ

1054 741 1114 791 γρ·
1147 722 1250 780 οριῖς

106 786 202 836 Ζεῦ,
232 785 323 827 τάδ’
356 781 531 833 ἀκούεις.
592 785 643 826 In
677 784 768 825 cod.
800 785 836 826 B
868 783 1020 837 legitur
1050 778 1229 829 ακοῦεις,
1273 782 1314 821 in
1348 780 1468 822 codd.

105 853 160 895 bc
191 849 305 909 ὁρᾷς,
337 854 380 894 in
414 855 563 895 ceteris
583 869 683 895 anm
686 867 754 899 εις
816 852 912 902 Qua
934 865 985 891 ex
1012 850 1241 890 lectionum
1269 850 1470 890 valietatc

106 927 235 977 patet,
278 935 443 962 summa
491 935 587 962 cum
633 919 933 976 probabilitate
978 917 1154 961 Kirchh.
1188 916 1329 959 Praef.
1359 915 1469 958 Med.

105 1004 148 1044 p.
169 985 238 1031 22.
261 985 329 1032 23.
357 990 603 1045 conjecisse,
627 988 760 1030 verba
790 987 936 1028 scholii
968 985 1175 1027 mutanda
1201 999 1292 1025 esse
1314 986 1379 1024 in:
1409 999 1469 1038 γρ.

105 1050 138 1098 ὦ
165 1058 266 1107 Ζεῦ,
290 1055 378 1099 τάδ’
395 1054 510 1112 ὁρᾷς,
540 1071 666 1112 quam
688 1057 913 1097 lectionem
942 1060 1077 1095 ortam
1100 1068 1192 1094 esse
1214 1068 1267 1093 ex
1288 1053 1470 1108 ascripto

106 1123 283 1180 Hippol.
331 1139 373 1166 V.
415 1121 526 1167 1354
563 1125 652 1167 Ζεῦ
683 1124 793 1176 Ζεῦ,
840 1120 928 1165 τάδ’
965 1121 1066 1177 ὁρᾷς
1107 1122 1197 1177 jam
1239 1120 1470 1176 Elmslejus

107 1192 341 1248 suspicatus
372 1198 436 1234 est
454 1194 495 1244 ¹).

219 1259 315 1302 Hae
343 1275 490 1302 omnes
535 1275 640 1316 quas
676 1259 890 1301 attulimus
930 1258 1131 1299 lectiones
1172 1256 1330 1298 nullius
1376 1264 1473 1298 sunt

106 1329 244 1384 pretii,
275 1333 422 1385 utpote
456 1342 561 1384 quas
595 1328 648 1369 ad
681 1327 851 1368 codices
879 1341 963 1367 non
995 1325 1133 1367 redire
1167 1331 1322 1381 pateat.
1385 1326 1471 1367 Ex-

107 1402 221 1437 stant
264 1402 403 1438 autem
449 1396 562 1437 haud
611 1397 668 1437 ita
698 1409 874 1451 paucae,
922 1410 1031 1451 quae
1076 1395 1179 1450 quin
1225 1393 1279 1435 ad
1308 1394 1472 1435 codices

108 1464 192 1504 sint
222 1463 482 1518 referendae,
528 1479 614 1505 non
659 1470 798 1520 potest
829 1463 1026 1507 dubitari.
1091 1462 1185 1513 Quo
1218 1463 1261 1502 in
1294 1477 1470 1503 numero

107 1546 292 1587 reponas
325 1531 476 1573 hasce:

220 1599 348 1644 Med.
380 1615 421 1643 v·
451 1596 556 1643 108:
598 1602 722 1652 νέφος
755 1634 764 1642 .
796 1634 804 1640 .
837 1633 846 1642 .
880 1632 888 1639 .
921 1598 1094 1655 ἀνάψει.
1153 1599 1296 1640 Schol.
1329 1597 1400 1641 ἐὰν
1426 1599 1471 1640 δὲ

109 1664 322 1724 γράφηται
350 1663 477 1717 ἆνάξ
486 1682 555 1721 ει,
585 1661 673 1708 οἷον
695 1665 881 1709 ἐπιπολὺ
902 1662 1044 1714 ἀνάξει
1065 1665 1119 1708 τὰ
1145 1666 1214 1723 τῆς
1244 1664 1370 1723 ὀργῆς
1390 1667 1470 1710 κτὲ.

222 1735 363 1787 Quam
408 1735 649 1788 lectionem,
698 1736 860 1777 etiamsi
903 1750 990 1777 non
1037 1750 1210 1791 prorsus
1256 1742 1373 1777 recta.
1407 1738 1471 1788 sit,

108 1818 236 1859 quam
276 1805 471 1859 proxime
515 1809 658 1844 tamen
697 1803 902 1845 accedere
938 1803 992 1844 ad
1024 1817 1169 1845 veram
1205 1806 1471 1860 scripturam,

107 1872 266 1926 primus
293 1871 525 1927 Elmslejus
555 1872 786 1927 perspexit.
855 1871 966 1913 Vide
1000 1886 1130 1928 supra
1159 1887 1199 1927 p.
1236 1870 1301 1915 17.
1339 1898 1390 1902 -

218 1938 352 1982 Med.
383 1954 424 1984 v
454 1936 556 1981 484:
586 1938 726 1981 πάντα
755 1939 789 1981 δ
820 1937 979 1988 ἐξεῖλον
1007 1938 1157 1995 φόβον

217 2005 496 2064 B[CE][bod]
528 2005 663 2061 φόβον
686 2006 768 2049 BC
793 2006 931 2061 δόμον
959 2024 984 2050 a
1013 2008 1152 2064 φόβον
1183 2023 1286 2062 miffig
1321 2008 1470 2062 δόμον

106 2101 160 2106 -
201 2074 344 2120 Sehol
395 2072 499 2118 487:
570 2075 710 2117 πάντα
765 2076 801 2117 δ’
840 2074 1025 2125 εξεϊλονε
1081 2074 1174 2117 ἀντὶ
1222 2076 1296 2117 τοῦ
1346 2074 1471 2131 ἐπόρ-

105 2146 235 2200 θησα.
276 2141 352 2186 ἐαν
390 2143 440 2185 δὲ
467 2140 608 2198 φόβον
647 2142 880 2200 γράφηται,
932 2143 1093 2194 ἐξεῖλον
1129 2143 1223 2186 ανιὶ
1252 2145 1327 2185 τοῦ
1357 2146 1471 2199 διέφ-

105 2214 233 2266 θειρα
279 2213 347 2254 καὶ
398 2209 603 2267 ἠφάνισα.
663 2237 715 2241 —-
775 2212 897 2253 Prior
948 2213 1098 2253 scholii
1155 2227 1256 2268 pars
1309 2220 1472 2268 spectat

105 2279 159 2320 ad
209 2278 367 2333 δόμον,
416 2279 531 2335 quod
576 2278 730 2330 falsum
784 2286 859 2333 est,
914 2281 1116 2336 quoniam
1167 2280 1270 2321 nihil
1323 2282 1472 2321 attinet

103 2345 299 2389 Medeam
347 2347 616 2402 praedicare,
678 2349 847 2403 quantis
902 2348 1025 2389 malis
1084 2348 1270 2390 affecerit
1327 2348 1470 2389 Peliae

199 2452 232 2493 1)
257 2450 386 2483 Eadem
412 2451 546 2483 ratione
570 2449 667 2484 Andr
693 2460 827 2485 .versus
855 2452 914 2484 181
944 2454 979 2483 et
1002 2453 1065 2485 717
1091 2454 1276 2494 corruptos
1297 2461 1370 2483 esse
1389 2461 1470 2483 con-

100 2507 179 2549 jicit
207 2508 386 2541 Nauokius
415 2507 512 2540 Stud.
538 2507 656 2550 Eur-ip.
682 2509 726 2539 Π.
752 2519 784 2550 p.
815 2510 868 2540 94.
918 2508 969 2542 Cf.
997 2508 1125 2541 Phoen.
1154 2520 1186 2540 v.
1217 2510 1292 2541 198.
