1716 3017
950 142 1003 189 12

407 270 570 312 Similia
614 275 711 310 sunt
742 274 881 310 cetera
910 270 1025 321 vitia,
1068 269 1221 325 quibus
1268 275 1417 325 poetae
1449 269 1581 312 verba
1614 271 1657 311 in
1708 293 1716 319 ς

293 338 464 380 scholiis
498 336 629 379 allata
653 339 806 379 affecta
836 350 928 378 esse
956 336 1173 378 videmus:
1406 384 1408 386 v

408 404 590 447 Schol.
622 404 823 447 Hecub.
857 402 951 457 177,
995 405 1068 446 ubi
1109 405 1283 446 affertur
1319 405 1484 446 Hecub.
1516 420 1558 450 v.
1587 402 1657 459 21,

292 490 368 530 pro
400 469 635 515 ἀπόλλυται
674 473 857 528 positum
901 477 964 513 est
993 469 1201 514 ἀπώλετο,
1262 472 1444 516 Schol.
1478 472 1656 515 Orest.

292 538 404 583 1662
432 536 483 583 τὸ
513 539 664 582 λοιπόν
689 554 766 595 pro
796 534 848 581 τὰ
877 539 1009 582 λοιπά
1041 539 1156 595 quod
1178 539 1334 593 legitur
1354 537 1657 594 Phoen.1216‚

292 608 459 652 schol.
491 607 684 649 Phoen.
718 603 828 649 1153
877 603 1016 649 ἐλθὼν
1060 603 1173 649 δ’ἐπ’
1212 606 1365 659 Ινάχου
1410 605 1529 663 ῥοαῖς
1568 609 1654 653 κτλ.

290 692 367 732 pro
398 674 497 731 ῥοάς
539 674 707 730 (Suppl.
744 670 860 729 892),
909 674 1079 715 schol.
1111 675 1309 718 Hecub.
1343 672 1453 717 1156
1493 679 1655 726 στοχίσ-

289 757 420 797 μασιν
447 757 525 798 pro
555 742 847 796 στοχάσμασιν
880 742 1053 792 (Bacch.
1090 740 1228 795 1194).

405 811 528 863 Quae
562 825 656 851 cum
687 811 744 852 ita
773 811 868 858 sint,
915 824 969 851 ex
1019 809 1084 851 his
1125 810 1255 852 variis
1286 810 1539 852 lectionibus
1570 826 1658 853 non

291 879 494 921 mutanda
527 893 616 919 esse
647 884 824 934 apparet
874 877 1007 919 verba
1040 879 1082 919 in
1117 878 1334 920 codicibus
1366 877 1536 931 tradita,
1576 879 1657 920 nisi

292 947 398 989 forte
445 946 564 988 aliae‘
597 946 802 987 accedant
847 960 1012 988 causae.
1074 945 1162 987 Nec
1192 946 1414 1001 probanda
1445 947 1657 1001 Hartungi

291 1016 501 1056 sententia
520 1017 572 1067 ¹),
621 1014 693 1069 qui
743 1014 858 1054 nisus
902 1014 1150 1055 auctoritate
1191 1013 1418 1055 verborum
1452 1015 1494 1055 in
1524 1014 1656 1059 schol.

297 1083 405 1126 Med.
452 1080 506 1124 97
550 1082 776 1123 allatorum
814 1095 892 1137 pro
940 1080 1082 1122 verbis
1130 1079 1270 1136 ὑφεῐσ’
1302 1078 1504 1137 ἀλγηδόσι
1547 1097 1657 1138 quae

291 1151 493 1205 leguntur
522 1149 636 1193 Med.
671 1165 711 1190 V.
743 1145 798 1191 24
828 1148 956 1190 scribi
979 1148 1112 1190 voluit
1140 1146 1263 1203 ἀφεῖς
1293 1145 1506 1205 ἀλγηδόνι,
1539 1165 1656 1205 prae-

1708 361 1716 402 1

290 1220 431 1260 sertim
476 1233 571 1260 cum
620 1232 734 1258 nunc
765 1222 930 1259 constet
960 1231 982 1257 0
1014 1216 1106 1261 cod.
1141 1232 1176 1267 a,
1214 1217 1258 1258 in
1291 1216 1422 1260 schol.
1456 1218 1564 1259 Med.
1599 1216 1653 1260 97
1709 1240 1711 1243 ·

288 1301 373 1328 non
407 1281 548 1341 ἄφεῑσ’
579 1285 663 1340 legi
694 1285 768 1326 sed
799 1279 953 1339 ὑφεϊσ’.

399 1354 548 1410 Neque
578 1353 760 1395 multum
787 1351 1056 1394 tribuendum
1086 1358 1194 1394 esset
1218 1352 1347 1398 schol,
1368 1351 1526 1395 Phoen.
1546 1352 1582 1394 1.
1610 1354 1654 1394 in
1702 1391 1703 1395 ,

287 1421 547 1464 restituendo
579 1436 706 1463 versu
736 1419 850 1466 Med.
880 1418 949 1474 58,
996 1421 1077 1462 nisi
1121 1420 1201 1462 hoc
1246 1420 1342 1461 loco
1372 1420 1455 1462 alia
1484 1420 1653 1463 accede·

288 1498 394 1533 rent.
454 1489 614 1532 Versus
649 1495 711 1530 est
741 1489 828 1530 hic:

492 1552 601 1599 ὥσθ’
631 1555 779 1611 ἱζιιερός
807 1554 852 1610 μ’
882 1554 1053 1611 ὑπῆλθε
1084 1557 1134 1613 γῇ
1162 1571 1207 1598 τε
1236 1551 1428 1612 κούρανῷ

491 1626 605 1675 λέξαι
634 1623 820 1680 μολούσῃ
851 1624 977 1677 δεῦρο
1009 1625 1204 1680 ΖΠηδείας
1233 1622 1369 1676 τύχας.

406 1695 602 1749 ΝΙηδείας
643 1693 796 1748 legitur
836 1693 878 1732 in
919 1692 955 1733 B
1002 1692 1092 1743 (sed
1126 1693 1355 1748 δεσποίνης
1387 1692 1439 1733 ab
1472 1693 1564 1736 ead.
1598 1708 1652 1734 m.

290 1767 519 1819 suprascr.)
553 1761 626 1817 [E]
661 1761 758 1812 BQ
790 1762 1016 1816 δεσποίνης
1046 1759 1134 1801 Ccd
1166 1765 1207 1802 et
1241 1759 1371 1801 schol.
1402 1760 1563 1805 Phoen.
1596 1762 1631 1802 1.

400 1830 497 1872 Non
526 1829 827 1885 negligendum
860 1835 937 1881 est,
967 1827 1097 1871 501101.
1125 1829 1277 1870 mirum
1310 1828 1428 1870 illum
1463 1829 1653 1871 dativum

287 1897 480 1955 μυλοὺσῃ
511 1912 715 1949 servasse,
764 1896 878 1938 unde
906 1897 1107 1952 conjicias
1144 1896 1272 1952 paulo
1304 1898 1540 1938 accuratius
1573 1897 1653 1938 hoc

290 1967 383 2008 loco
414 1972 563 2023 poetae
589 1965 723 2006 verba
744 1964 955 2019 descripta
976 1978 1080 2005 esse.
1142 1963 1301 2006 Contra
1331 1963 1481 2005 scholii
1510 1964 1652 2006 lectio-

289 2049 385 2076 nem
417 2034 558 2075 faeere
587 2033 786 2075 videntur
825 2032 957 2073 verba
987 2031 1115 2072 Ennii
1149 2031 1263 2087 apud
1294 2031 1380 2074 Cic.
1416 2032 1542 2074 Tusc.
1574 2033 1651 2078 ΙΙΙ,

288 2100 356 2147 26.
385 2098 466 2144 63;

407 2169 600 2225 „Cupido
633 2169 745 2224 cepit
793 2169 991 2209 miseram
1025 2183 1139 2209 nunc
1186 2183 1253 2209 me
1286 2167 1482 2224 proloqui
1521 2168 1651 2211 Caelo

289 2244 416 2294 atque
445 2243 584 2278 terrae
602 2236 766 2278 Medeai
797 2237 1026 2277 miserias.“
1090 2235 1173 2277 Sed
1205 2235 1334 2277 valde
1364 2235 1525 2290 dubito,
1551 2252 1652 2278 num

290 2321 344 2346 ex
379 2305 442 2346 his
487 2304 629 2346 verbis
679 2311 793 2345 certo
838 2305 973 2360 possit
1003 2303 1230 2358 concludi,
1278 2304 1463 2345 Ennium
1495 2303 1652 2359 legisse

290 2373 394 2415 illud
416 2374 623 2428 Μηδείας,
654 2378 781 2427 atque
811 2371 914 2413 mihi
943 2371 1114 2427 quidem
1141 2373 1314 2414 omnino
1345 2373 1445 2413 satis
1476 2371 1651 2414 dubium

385 2523 416 2563 1)
445 2520 614 2554 Zeitschr.
642 2521 696 2552 fiir
727 2519 1193 2553 Alterthumswisscnschaft.
1219 2522 1317 2561 1844,
1342 2531 1375 2563 p.
1400 2522 1477 2553 251.
