<?xml version="1.0" encoding="UTF-8"?>
<!DOCTYPE html PUBLIC "-//W3C//DTD XHTML 1.0 Transitional//EN"
    "http://www.w3.org/TR/xhtml1/DTD/xhtml1-transitional.dtd">
<html xmlns="http://www.w3.org/1999/xhtml" xml:lang="en" lang="en">
 <head>
  <title>
</title>
<meta http-equiv="Content-Type" content="text/html;charset=utf-8" />
  <meta name='ocr-system' content='tesseract 3.04.00' />
  <meta name='ocr-capabilities' content='ocr_page ocr_carea ocr_par ocr_line ocrx_word'/>
</head>
<body>
  <div class='ocr_page' id='page_1' title='image "./quaestionisdesch00franuoft_0053.png"; bbox 0 0 1716 3017; ppageno 0'>
   <div class='ocr_carea' id='block_1_1' title="bbox 520 155 997 331">
    <p class='ocr_par' dir='ltr' id='par_1_1' title="bbox 520 155 997 331">
     <span class='ocr_line' id='line_1_1' title="bbox 731 155 858 199; baseline -0.008 0"><span class='ocrx_word' id='word_1_1' title='bbox 731 155 787 199; x_wconf 85' lang='lat'>49</span> <span class='ocrx_word' id='word_1_2' title='bbox 856 161 858 163; x_wconf 75' lang='grc'><strong><em>’</em></strong></span> 
     </span>
     <span class='ocr_line' id='line_1_2' title="bbox 520 280 997 331; baseline 0.002 -2"><span class='ocrx_word' id='word_1_3' title='bbox 520 284 566 331; x_wconf 84' lang='grc'>2.</span> <span class='ocrx_word' id='word_1_4' title='bbox 637 282 707 331; x_wconf 89' lang='lat' dir='ltr'>De</span> <span class='ocrx_word' id='word_1_5' title='bbox 744 280 997 330; x_wconf 77' lang='lat' dir='ltr'>lemmatis.</span> 
     </span>
    </p>
   </div>
   <div class='ocr_carea' id='block_1_2' title="bbox 77 414 1442 676">
    <p class='ocr_par' dir='ltr' id='par_1_2' title="bbox 77 414 1442 676">
     <span class='ocr_line' id='line_1_3' title="bbox 191 414 1440 470; baseline 0 -13"><span class='ocrx_word' id='word_1_6' title='bbox 191 414 335 460; x_wconf 87' lang='lat' dir='ltr'>Barth.</span> <span class='ocrx_word' id='word_1_7' title='bbox 380 414 408 457; x_wconf 92' lang='lat' dir='ltr'>l.</span> <span class='ocrx_word' id='word_1_8' title='bbox 436 430 472 458; x_wconf 89' lang='lat' dir='ltr'>a.</span> <span class='ocrx_word' id='word_1_9' title='bbox 516 415 718 457; x_wconf 88' lang='lat' dir='ltr'>lemmata</span> <span class='ocrx_word' id='word_1_10' title='bbox 760 414 907 457; x_wconf 88' lang='lat' dir='ltr'>addita</span> <span class='ocrx_word' id='word_1_11' title='bbox 947 428 1040 455; x_wconf 89' lang='lat' dir='ltr'>esse</span> <span class='ocrx_word' id='word_1_12' title='bbox 1087 415 1259 470; x_wconf 87' lang='lat' dir='ltr'>conjicit</span> <span class='ocrx_word' id='word_1_13' title='bbox 1289 414 1342 456; x_wconf 90' lang='lat' dir='ltr'>ab</span> <span class='ocrx_word' id='word_1_14' title='bbox 1376 429 1440 465; x_wconf 91' lang='lat' dir='ltr'>e0‚</span> 
     </span>
     <span class='ocr_line' id='line_1_4' title="bbox 78 481 1440 542; baseline -0.002 -16"><span class='ocrx_word' id='word_1_15' title='bbox 78 485 151 542; x_wconf 92' lang='lat' dir='ltr'>qui</span> <span class='ocrx_word' id='word_1_16' title='bbox 193 481 452 525; x_wconf 82' lang='lat' dir='ltr'>scholiorum</span> <span class='ocrx_word' id='word_1_17' title='bbox 497 497 652 539; x_wconf 90' lang='lat' dir='ltr'>corpus</span> <span class='ocrx_word' id='word_1_18' title='bbox 697 483 994 539; x_wconf 74' lang='lat' dir='ltr'><strong>composuerit,</strong></span> <span class='ocrx_word' id='word_1_19' title='bbox 1043 496 1300 538; x_wconf 84' lang='lat' dir='ltr'>quamquam</span> <span class='ocrx_word' id='word_1_20' title='bbox 1330 481 1440 523; x_wconf 88' lang='lat' dir='ltr'>hanc</span> 
     </span>
     <span class='ocr_line' id='line_1_5' title="bbox 77 549 1440 606; baseline -0.003 -12"><span class='ocrx_word' id='word_1_21' title='bbox 77 567 167 594; x_wconf 90' lang='lat' dir='ltr'>rem</span> <span class='ocrx_word' id='word_1_22' title='bbox 209 551 309 594; x_wconf 86' lang='lat' dir='ltr'>satis</span> <span class='ocrx_word' id='word_1_23' title='bbox 356 563 447 591; x_wconf 89' lang='lat' dir='ltr'>esse</span> <span class='ocrx_word' id='word_1_24' title='bbox 489 551 694 592; x_wconf 83' lang='lat' dir='ltr'>incertam</span> <span class='ocrx_word' id='word_1_25' title='bbox 739 551 829 606; x_wconf 90' lang='lat' dir='ltr'>ipse</span> <span class='ocrx_word' id='word_1_26' title='bbox 874 549 1078 591; x_wconf 89' lang='lat' dir='ltr'>concedit.</span> <span class='ocrx_word' id='word_1_27' title='bbox 1139 549 1185 591; x_wconf 81' lang='lat' dir='ltr'>Si</span> <span class='ocrx_word' id='word_1_28' title='bbox 1234 564 1337 591; x_wconf 86' lang='lat' dir='ltr'>vera</span> <span class='ocrx_word' id='word_1_29' title='bbox 1379 555 1440 590; x_wconf 86' lang='lat' dir='ltr'>est</span> 
     </span>
     <span class='ocr_line' id='line_1_6' title="bbox 78 617 1442 676; baseline -0.004 -14"><span class='ocrx_word' id='word_1_30' title='bbox 78 620 325 676; x_wconf 83' lang='lat' dir='ltr'>conjectura</span> <span class='ocrx_word' id='word_1_31' title='bbox 356 617 444 668; x_wconf 82' lang='lat' dir='ltr'>illa,</span> <span class='ocrx_word' id='word_1_32' title='bbox 485 618 700 673; x_wconf 87' lang='lat' dir='ltr'>putandus</span> <span class='ocrx_word' id='word_1_33' title='bbox 748 623 811 659; x_wconf 89' lang='lat' dir='ltr'>est</span> <span class='ocrx_word' id='word_1_34' title='bbox 841 624 987 659; x_wconf 85' lang='lat' dir='ltr'>auctor</span> <span class='ocrx_word' id='word_1_35' title='bbox 1035 618 1217 659; x_wconf 85' lang='lat' dir='ltr'>incertus</span> <span class='ocrx_word' id='word_1_36' title='bbox 1247 617 1442 658; x_wconf 87' lang='lat' dir='ltr'>omnibus</span> 
     </span>
    </p>
   </div>
   <div class='ocr_carea' id='block_1_3' title="bbox 0 684 1440 742">
    <p class='ocr_par' dir='ltr' id='par_1_3' title="bbox 0 684 1440 742">
     <span class='ocr_line' id='line_1_7' title="bbox 0 684 1440 742; baseline -0.002 -12"><span class='ocrx_word' id='word_1_37' title='bbox 0 727 10 730; x_wconf 82' lang='lat'>-</span> <span class='ocrx_word' id='word_1_38' title='bbox 79 687 186 729; x_wconf 89' lang='lat' dir='ltr'>locis</span> <span class='ocrx_word' id='word_1_39' title='bbox 218 685 472 741; x_wconf 85' lang='lat' dir='ltr'>autographi</span> <span class='ocrx_word' id='word_1_40' title='bbox 504 685 634 728; x_wconf 81' lang='lat' dir='ltr'>verba</span> <span class='ocrx_word' id='word_1_41' title='bbox 654 684 1073 742; x_wconf 80' lang='lat' dir='ltr'>interpretationibus</span> <span class='ocrx_word' id='word_1_42' title='bbox 1102 685 1440 741; x_wconf 78' lang='lat' dir='ltr'>praescripsisse.</span> 
     </span>
    </p>
   </div>
   <div class='ocr_carea' id='block_1_4' title="bbox 78 752 1459 2302">
    <p class='ocr_par' dir='ltr' id='par_1_4' title="bbox 78 752 1449 1420">
     <span class='ocr_line' id='line_1_8' title="bbox 81 752 1444 811; baseline -0.003 -14"><span class='ocrx_word' id='word_1_43' title='bbox 81 754 167 798; x_wconf 86' lang='lat' dir='ltr'>Sed</span> <span class='ocrx_word' id='word_1_44' title='bbox 203 752 405 811; x_wconf 92' lang='lat' dir='ltr'>quicquid</span> <span class='ocrx_word' id='word_1_45' title='bbox 437 752 491 794; x_wconf 93' lang='lat' dir='ltr'>de</span> <span class='ocrx_word' id='word_1_46' title='bbox 531 753 611 794; x_wconf 90' lang='lat' dir='ltr'>hac</span> <span class='ocrx_word' id='word_1_47' title='bbox 652 768 699 794; x_wconf 91' lang='lat' dir='ltr'>re</span> <span class='ocrx_word' id='word_1_48' title='bbox 741 759 803 794; x_wconf 92' lang='lat' dir='ltr'>est</span> <span class='ocrx_word' id='word_1_49' title='bbox 835 752 1129 809; x_wconf 84' lang='lat' dir='ltr'>judicandum,</span> <span class='ocrx_word' id='word_1_50' title='bbox 1177 758 1338 794; x_wconf 87' lang='lat' dir='ltr'>certum</span> <span class='ocrx_word' id='word_1_51' title='bbox 1370 758 1444 802; x_wconf 88' lang='lat' dir='ltr'>est,</span> 
     </span>
     <span class='ocr_line' id='line_1_9' title="bbox 80 819 1444 876; baseline -0.004 -11"><span class='ocrx_word' id='word_1_52' title='bbox 80 822 349 865; x_wconf 83' lang='lat' dir='ltr'>librariorum</span> <span class='ocrx_word' id='word_1_53' title='bbox 381 827 421 862; x_wconf 92' lang='lat' dir='ltr'>et</span> <span class='ocrx_word' id='word_1_54' title='bbox 464 820 728 876; x_wconf 85' lang='lat' dir='ltr'>negligentia</span> <span class='ocrx_word' id='word_1_55' title='bbox 772 826 813 862; x_wconf 92' lang='lat' dir='ltr'>et</span> <span class='ocrx_word' id='word_1_56' title='bbox 845 820 1066 875; x_wconf 84' lang='lat' dir='ltr'>diligentia</span> <span class='ocrx_word' id='word_1_57' title='bbox 1111 820 1222 861; x_wconf 87' lang='lat' dir='ltr'>male</span> <span class='ocrx_word' id='word_1_58' title='bbox 1252 819 1444 861; x_wconf 87' lang='lat' dir='ltr'>adhibita.</span> 
     </span>
     <span class='ocr_line' id='line_1_10' title="bbox 81 887 1439 944; baseline -0.004 -12"><span class='ocrx_word' id='word_1_59' title='bbox 81 891 240 932; x_wconf 85' lang='lat' dir='ltr'>factum</span> <span class='ocrx_word' id='word_1_60' title='bbox 273 904 379 942; x_wconf 85' lang='lat' dir='ltr'>esse,</span> <span class='ocrx_word' id='word_1_61' title='bbox 411 894 458 930; x_wconf 92' lang='lat' dir='ltr'>ut</span> <span class='ocrx_word' id='word_1_62' title='bbox 486 890 753 944; x_wconf 85' lang='lat' dir='ltr'>gravissimis</span> <span class='ocrx_word' id='word_1_63' title='bbox 787 888 985 930; x_wconf 79' lang='lat' dir='ltr'>lemmata</span> <span class='ocrx_word' id='word_1_64' title='bbox 1018 887 1288 930; x_wconf 86' lang='lat' dir='ltr'>afficerentur</span> <span class='ocrx_word' id='word_1_65' title='bbox 1318 888 1439 929; x_wconf 88' lang='lat' dir='ltr'>vitiis.</span> 
     </span>
     <span class='ocr_line' id='line_1_11' title="bbox 80 955 1444 1014; baseline -0.004 -13"><span class='ocrx_word' id='word_1_66' title='bbox 80 958 232 1014; x_wconf 85' lang='lat' dir='ltr'>Neque</span> <span class='ocrx_word' id='word_1_67' title='bbox 257 962 400 998; x_wconf 89' lang='lat' dir='ltr'>tamen</span> <span class='ocrx_word' id='word_1_68' title='bbox 434 956 487 998; x_wconf 93' lang='lat' dir='ltr'>de</span> <span class='ocrx_word' id='word_1_69' title='bbox 517 971 661 999; x_wconf 90' lang='lat' dir='ltr'>eorum</span> <span class='ocrx_word' id='word_1_70' title='bbox 695 957 942 998; x_wconf 81' lang='lat' dir='ltr'>auctoritate</span> <span class='ocrx_word' id='word_1_71' title='bbox 984 970 1069 997; x_wconf 90' lang='lat' dir='ltr'>non</span> <span class='ocrx_word' id='word_1_72' title='bbox 1110 956 1252 1011; x_wconf 90' lang='lat' dir='ltr'>inique</span> <span class='ocrx_word' id='word_1_73' title='bbox 1277 955 1444 1011; x_wconf 84' lang='lat' dir='ltr'>judicat</span> 
     </span>
     <span class='ocr_line' id='line_1_12' title="bbox 81 1020 1445 1081; baseline -0.002 -15"><span class='ocrx_word' id='word_1_74' title='bbox 81 1024 388 1078; x_wconf 78' lang='lat' dir='ltr'>Kirchhoffius‚</span> <span class='ocrx_word' id='word_1_75' title='bbox 423 1026 496 1081; x_wconf 92' lang='lat' dir='ltr'>qui</span> <span class='ocrx_word' id='word_1_76' title='bbox 524 1024 662 1068; x_wconf 88' lang='lat' dir='ltr'>Praef.</span> <span class='ocrx_word' id='word_1_77' title='bbox 696 1024 806 1068; x_wconf 89' lang='lat' dir='ltr'>Med.</span> <span class='ocrx_word' id='word_1_78' title='bbox 840 1040 879 1081; x_wconf 91' lang='lat' dir='ltr'>p.</span> <span class='ocrx_word' id='word_1_79' title='bbox 910 1020 966 1066; x_wconf 97' lang='grc'>42</span> <span class='ocrx_word' id='word_1_80' title='bbox 997 1024 1226 1080; x_wconf 87' lang='lat' dir='ltr'>quicquam</span> <span class='ocrx_word' id='word_1_81' title='bbox 1262 1024 1320 1063; x_wconf 90' lang='lat' dir='ltr'>eis</span> <span class='ocrx_word' id='word_1_82' title='bbox 1353 1036 1445 1064; x_wconf 89' lang='lat' dir='ltr'>esse</span> 
     </span>
     <span class='ocr_line' id='line_1_13' title="bbox 82 1090 1447 1148; baseline -0.002 -14"><span class='ocrx_word' id='word_1_83' title='bbox 82 1091 358 1135; x_wconf 87' lang='lat' dir='ltr'>tribuendum</span> <span class='ocrx_word' id='word_1_84' title='bbox 403 1098 533 1148; x_wconf 85' lang='lat' dir='ltr'>negat</span> <span class='ocrx_word' id='word_1_85' title='bbox 551 1094 592 1144; x_wconf 91' lang='lat'>¹).</span> <span class='ocrx_word' id='word_1_86' title='bbox 667 1092 800 1134; x_wconf 90' lang='lat' dir='ltr'>Paulo</span> <span class='ocrx_word' id='word_1_87' title='bbox 854 1093 1136 1135; x_wconf 89' lang='lat' dir='ltr'>remissiorem</span> <span class='ocrx_word' id='word_1_88' title='bbox 1180 1105 1224 1132; x_wconf 89' lang='lat' dir='ltr'>se</span> <span class='ocrx_word' id='word_1_89' title='bbox 1272 1090 1447 1146; x_wconf 88' lang='lat' dir='ltr'>praebet</span> 
     </span>
     <span class='ocr_line' id='line_1_14' title="bbox 78 1157 1446 1217; baseline -0.003 -15"><span class='ocrx_word' id='word_1_90' title='bbox 78 1160 269 1216; x_wconf 75' lang='lat' dir='ltr'>Judicem</span> <span class='ocrx_word' id='word_1_91' title='bbox 299 1159 576 1213; x_wconf 82' lang='lat' dir='ltr'>Bartholdus,</span> <span class='ocrx_word' id='word_1_92' title='bbox 619 1161 747 1217; x_wconf 90' lang='lat' dir='ltr'>quil.</span> <span class='ocrx_word' id='word_1_93' title='bbox 779 1176 803 1202; x_wconf 92' lang='lat' dir='ltr'>a</span> <span class='ocrx_word' id='word_1_94' title='bbox 845 1176 885 1216; x_wconf 90' lang='lat' dir='ltr'>p.</span> <span class='ocrx_word' id='word_1_95' title='bbox 917 1157 973 1202; x_wconf 80' lang='grc'>64</span> <span class='ocrx_word' id='word_1_96' title='bbox 999 1159 1253 1215; x_wconf 90' lang='lat' dir='ltr'>plerumque</span> <span class='ocrx_word' id='word_1_97' title='bbox 1284 1157 1446 1199; x_wconf 86' lang='lat' dir='ltr'>nullam</span> 
     </span>
     <span class='ocr_line' id='line_1_15' title="bbox 85 1225 1449 1282; baseline -0.004 -11"><span class='ocrx_word' id='word_1_98' title='bbox 85 1243 178 1271; x_wconf 88' lang='lat' dir='ltr'>esse</span> <span class='ocrx_word' id='word_1_99' title='bbox 225 1227 328 1269; x_wconf 90' lang='lat' dir='ltr'>dicit</span> <span class='ocrx_word' id='word_1_100' title='bbox 372 1243 517 1270; x_wconf 85' lang='lat' dir='ltr'>eorum</span> <span class='ocrx_word' id='word_1_101' title='bbox 549 1229 853 1272; x_wconf 87' lang='lat' dir='ltr'>auctoritatem</span> <span class='ocrx_word' id='word_1_102' title='bbox 915 1228 1081 1270; x_wconf 87' lang='lat' dir='ltr'>Ce1tius</span> <span class='ocrx_word' id='word_1_103' title='bbox 1113 1233 1152 1268; x_wconf 91' lang='lat' dir='ltr'>et</span> <span class='ocrx_word' id='word_1_104' title='bbox 1193 1227 1366 1282; x_wconf 88' lang='lat' dir='ltr'>aequius</span> <span class='ocrx_word' id='word_1_105' title='bbox 1396 1225 1449 1266; x_wconf 91' lang='lat' dir='ltr'>de</span> 
     </span>
     <span class='ocr_line' id='line_1_16' title="bbox 84 1294 1448 1353; baseline -0.003 -15"><span class='ocrx_word' id='word_1_106' title='bbox 84 1295 295 1338; x_wconf 87' lang='lat' dir='ltr'>lemmatis</span> <span class='ocrx_word' id='word_1_107' title='bbox 316 1295 456 1338; x_wconf 89' lang='lat' dir='ltr'>facere</span> <span class='ocrx_word' id='word_1_108' title='bbox 478 1297 709 1353; x_wconf 85' lang='lat' dir='ltr'>poterimus</span> <span class='ocrx_word' id='word_1_109' title='bbox 733 1296 958 1352; x_wconf 84' lang='lat' dir='ltr'>judicium,</span> <span class='ocrx_word' id='word_1_110' title='bbox 992 1297 1025 1337; x_wconf 89' lang='lat' dir='ltr'>si</span> <span class='ocrx_word' id='word_1_111' title='bbox 1045 1294 1173 1351; x_wconf 89' lang='lat' dir='ltr'>paulo</span> <span class='ocrx_word' id='word_1_112' title='bbox 1197 1294 1448 1343; x_wconf 85' lang='lat' dir='ltr'>accuratius,</span> 
     </span>
     <span class='ocr_line' id='line_1_17' title="bbox 86 1363 1137 1420; baseline 0.001 -15"><span class='ocrx_word' id='word_1_113' title='bbox 86 1378 172 1420; x_wconf 87' lang='lat' dir='ltr'>qua</span> <span class='ocrx_word' id='word_1_114' title='bbox 202 1363 367 1405; x_wconf 89' lang='lat' dir='ltr'>ratione</span> <span class='ocrx_word' id='word_1_115' title='bbox 399 1363 634 1420; x_wconf 81' lang='lat' dir='ltr'>depravata</span> <span class='ocrx_word' id='word_1_116' title='bbox 665 1365 761 1417; x_wconf 88' lang='lat' dir='ltr'>sint,</span> <span class='ocrx_word' id='word_1_117' title='bbox 795 1364 1137 1420; x_wconf 66' lang='lat' dir='ltr'>quaesiverimus</span> 
     </span>
    </p>

    <p class='ocr_par' dir='ltr' id='par_1_5' title="bbox 87 1430 1449 1556">
     <span class='ocr_line' id='line_1_18' title="bbox 199 1430 1449 1488; baseline -0.001 -16"><span class='ocrx_word' id='word_1_118' title='bbox 199 1431 339 1488; x_wconf 88' lang='lat' dir='ltr'>Atque</span> <span class='ocrx_word' id='word_1_119' title='bbox 367 1432 554 1488; x_wconf 86' lang='lat' dir='ltr'>primum</span> <span class='ocrx_word' id='word_1_120' title='bbox 585 1432 756 1488; x_wconf 86' lang='lat' dir='ltr'>quidem</span> <span class='ocrx_word' id='word_1_121' title='bbox 788 1433 846 1474; x_wconf 88' lang='lat' dir='ltr'>ita</span> <span class='ocrx_word' id='word_1_122' title='bbox 880 1437 1077 1487; x_wconf 89' lang='lat' dir='ltr'>corrupta</span> <span class='ocrx_word' id='word_1_123' title='bbox 1106 1436 1216 1484; x_wconf 87' lang='lat' dir='ltr'>sunt,</span> <span class='ocrx_word' id='word_1_124' title='bbox 1247 1436 1294 1472; x_wconf 89' lang='lat' dir='ltr'>ut</span> <span class='ocrx_word' id='word_1_125' title='bbox 1320 1430 1449 1485; x_wconf 85' lang='lat' dir='ltr'>adap-</span> 
     </span>
     <span class='ocr_line' id='line_1_19' title="bbox 87 1497 1401 1556; baseline 0.001 -16"><span class='ocrx_word' id='word_1_126' title='bbox 87 1504 279 1541; x_wconf 83' lang='lat' dir='ltr'>tarentur</span> <span class='ocrx_word' id='word_1_127' title='bbox 305 1499 442 1542; x_wconf 84' lang='lat' dir='ltr'>verbis</span> <span class='ocrx_word' id='word_1_128' title='bbox 475 1515 584 1556; x_wconf 89' lang='lat' dir='ltr'>quae</span> <span class='ocrx_word' id='word_1_129' title='bbox 616 1501 660 1541; x_wconf 91' lang='lat' dir='ltr'>in</span> <span class='ocrx_word' id='word_1_130' title='bbox 691 1501 879 1542; x_wconf 88' lang='lat' dir='ltr'>oratione</span> <span class='ocrx_word' id='word_1_131' title='bbox 909 1505 1106 1541; x_wconf 82' lang='lat' dir='ltr'>contexta</span> <span class='ocrx_word' id='word_1_132' title='bbox 1137 1497 1401 1553; x_wconf 88' lang='lat' dir='ltr'>legebantur.</span> 
     </span>
    </p>

    <p class='ocr_par' dir='ltr' id='par_1_6' title="bbox 88 1564 1454 1825">
     <span class='ocr_line' id='line_1_20' title="bbox 204 1564 1454 1623; baseline -0.001 -16"><span class='ocrx_word' id='word_1_133' title='bbox 204 1566 268 1608; x_wconf 84' lang='lat' dir='ltr'>Cf.</span> <span class='ocrx_word' id='word_1_134' title='bbox 300 1566 432 1613; x_wconf 83' lang='lat' dir='ltr'>schol.</span> <span class='ocrx_word' id='word_1_135' title='bbox 460 1567 572 1609; x_wconf 89' lang='lat' dir='ltr'>Med.</span> <span class='ocrx_word' id='word_1_136' title='bbox 593 1564 704 1612; x_wconf 83' lang='grc'>1252</span> <span class='ocrx_word' id='word_1_137' title='bbox 725 1564 851 1623; x_wconf 87' lang='grc'>(1241</span> <span class='ocrx_word' id='word_1_138' title='bbox 874 1568 952 1619; x_wconf 82' lang='grc' dir='ltr'>Κ);</span> <span class='ocrx_word' id='word_1_139' title='bbox 984 1568 1289 1609; x_wconf 80' lang='grc' dir='ltr'><em>κατείδετε.·</em></span> <span class='ocrx_word' id='word_1_140' title='bbox 1316 1580 1454 1608; x_wconf 82' lang='grc' dir='ltr'><em>καιοι-</em></span> 
     </span>
     <span class='ocr_line' id='line_1_21' title="bbox 88 1626 1453 1693; baseline -0.002 -16"><span class='ocrx_word' id='word_1_141' title='bbox 88 1636 279 1690; x_wconf 61' lang='lat' dir='ltr'>accipens</span> <span class='ocrx_word' id='word_1_142' title='bbox 308 1670 316 1679; x_wconf 95' lang='lat'>.</span> <span class='ocrx_word' id='word_1_143' title='bbox 349 1666 359 1676; x_wconf 90' lang='lat'>.</span> <span class='ocrx_word' id='word_1_144' title='bbox 392 1669 397 1675; x_wconf 91' lang='lat'>.</span> <span class='ocrx_word' id='word_1_145' title='bbox 445 1637 513 1677; x_wconf 83' lang='grc' dir='ltr'>καὶ</span> <span class='ocrx_word' id='word_1_146' title='bbox 545 1636 853 1693; x_wconf 68' lang='grc' dir='ltr'><em>προνοήσασθε</em></span> <span class='ocrx_word' id='word_1_147' title='bbox 897 1630 952 1676; x_wconf 80' lang='grc' dir='ltr'>δι’</span> <span class='ocrx_word' id='word_1_148' title='bbox 984 1626 1031 1676; x_wconf 74' lang='grc' dir='ltr'>οὗ</span> <span class='ocrx_word' id='word_1_149' title='bbox 1070 1635 1232 1690; x_wconf 80' lang='grc' dir='ltr'><strong><em>τρόπου</em></strong></span> <span class='ocrx_word' id='word_1_150' title='bbox 1271 1631 1453 1676; x_wconf 84' lang='grc' dir='ltr'><strong><em>δυνατὸν</em></strong></span> 
     </span>
     <span class='ocr_line' id='line_1_22' title="bbox 90 1698 1451 1760; baseline -0.002 -16"><span class='ocrx_word' id='word_1_151' title='bbox 90 1698 222 1759; x_wconf 80' lang='grc' dir='ltr'><strong><em>αὐτὴν</em></strong></span> <span class='ocrx_word' id='word_1_152' title='bbox 251 1701 539 1759; x_wconf 70' lang='grc' dir='ltr'><em>ἐπισχεθῆναι</em></span> <span class='ocrx_word' id='word_1_153' title='bbox 567 1704 710 1745; x_wconf 74' lang='grc' dir='ltr'>κεὲ-</span> <span class='ocrx_word' id='word_1_154' title='bbox 742 1719 851 1760; x_wconf 91' lang='lat' dir='ltr'>quae</span> <span class='ocrx_word' id='word_1_155' title='bbox 882 1703 1171 1759; x_wconf 85' lang='lat' dir='ltr'>interpretatio</span> <span class='ocrx_word' id='word_1_156' title='bbox 1205 1708 1366 1759; x_wconf 88' lang='lat' dir='ltr'>spectat</span> <span class='ocrx_word' id='word_1_157' title='bbox 1397 1700 1451 1742; x_wconf 90' lang='lat' dir='ltr'>ad</span> 
     </span>
     <span class='ocr_line' id='line_1_23' title="bbox 89 1771 747 1825; baseline 0.003 -13"><span class='ocrx_word' id='word_1_158' title='bbox 89 1771 292 1825; x_wconf 83' lang='grc' dir='ltr'><em>κατίδετε,</em></span> <span class='ocrx_word' id='word_1_159' title='bbox 322 1786 408 1812; x_wconf 90' lang='lat' dir='ltr'>non</span> <span class='ocrx_word' id='word_1_160' title='bbox 442 1771 497 1813; x_wconf 87' lang='lat' dir='ltr'>ad</span> <span class='ocrx_word' id='word_1_161' title='bbox 524 1774 747 1814; x_wconf 81' lang='grc' dir='ltr'><em>κατείδετε.</em></span> 
     </span>
    </p>

    <p class='ocr_par' dir='ltr' id='par_1_7' title="bbox 87 1835 1454 2031">
     <span class='ocr_line' id='line_1_24' title="bbox 205 1835 1454 1894; baseline -0.002 -15"><span class='ocrx_word' id='word_1_162' title='bbox 205 1837 381 1880; x_wconf 79' lang='lat' dir='ltr'>schol.</span> <span class='ocrx_word' id='word_1_163' title='bbox 413 1838 573 1883; x_wconf 85' lang='lat' dir='ltr'>Andr.</span> <span class='ocrx_word' id='word_1_164' title='bbox 610 1836 704 1881; x_wconf 78' lang='lat'>133.</span> <span class='ocrx_word' id='word_1_165' title='bbox 752 1835 808 1881; x_wconf 83' lang='grc' dir='ltr'>τὸ</span> <span class='ocrx_word' id='word_1_166' title='bbox 847 1837 1044 1894; x_wconf 83' lang='grc' dir='ltr'><strong><em>κράτος</em></strong></span> <span class='ocrx_word' id='word_1_167' title='bbox 1072 1839 1133 1880; x_wconf 80' lang='grc' dir='ltr'>δέ</span> <span class='ocrx_word' id='word_1_168' title='bbox 1162 1850 1216 1880; x_wconf 90' lang='grc' dir='ltr'>σε</span> <span class='ocrx_word' id='word_1_169' title='bbox 1246 1840 1454 1879; x_wconf 71' lang='grc' dir='ltr'><em>πείσειε</em></span> 
     </span>
     <span class='ocr_line' id='line_1_25' title="bbox 87 1899 1454 1963; baseline -0.001 -16"><span class='ocrx_word' id='word_1_170' title='bbox 87 1920 202 1962; x_wconf 90' lang='lat' dir='ltr'>quae</span> <span class='ocrx_word' id='word_1_171' title='bbox 233 1913 468 1962; x_wconf 89' lang='lat' dir='ltr'>sequuntur</span> <span class='ocrx_word' id='word_1_172' title='bbox 499 1908 739 1963; x_wconf 84' lang='lat' dir='ltr'>interpretis</span> <span class='ocrx_word' id='word_1_173' title='bbox 771 1907 903 1948; x_wconf 83' lang='lat' dir='ltr'>verba</span> <span class='ocrx_word' id='word_1_174' title='bbox 932 1905 1157 1948; x_wconf 87' lang='lat' dir='ltr'>referenda</span> <span class='ocrx_word' id='word_1_175' title='bbox 1200 1920 1292 1948; x_wconf 86' lang='lat' dir='ltr'>esse</span> <span class='ocrx_word' id='word_1_176' title='bbox 1322 1904 1377 1946; x_wconf 85' lang='lat' dir='ltr'>ad</span> <span class='ocrx_word' id='word_1_177' title='bbox 1407 1899 1454 1945; x_wconf 80' lang='grc' dir='ltr'>τὸ</span> 
     </span>
     <span class='ocr_line' id='line_1_26' title="bbox 90 1972 1115 2031; baseline -0.002 -14"><span class='ocrx_word' id='word_1_178' title='bbox 90 1973 245 2031; x_wconf 83' lang='grc' dir='ltr'><strong><em>κράτος</em></strong></span> <span class='ocrx_word' id='word_1_179' title='bbox 275 1975 326 2017; x_wconf 82' lang='grc' dir='ltr'>δέ</span> <span class='ocrx_word' id='word_1_180' title='bbox 352 1972 390 2016; x_wconf 83' lang='grc' dir='ltr'>σ’</span> <span class='ocrx_word' id='word_1_181' title='bbox 417 1974 574 2028; x_wconf 80' lang='grc' dir='ltr'><em>ἔπεισι,</em></span> <span class='ocrx_word' id='word_1_182' title='bbox 604 1975 787 2016; x_wconf 88' lang='lat' dir='ltr'>vidimus</span> <span class='ocrx_word' id='word_1_183' title='bbox 819 1990 948 2030; x_wconf 88' lang='lat' dir='ltr'>supra</span> <span class='ocrx_word' id='word_1_184' title='bbox 975 1990 1015 2031; x_wconf 89' lang='lat' dir='ltr'>p.</span> <span class='ocrx_word' id='word_1_185' title='bbox 1047 1972 1115 2016; x_wconf 84' lang='lat'>41.</span> 
     </span>
    </p>

    <p class='ocr_par' dir='ltr' id='par_1_8' title="bbox 93 2035 1456 2235">
     <span class='ocr_line' id='line_1_27' title="bbox 207 2035 1456 2096; baseline -0.004 -12"><span class='ocrx_word' id='word_1_186' title='bbox 207 2042 379 2086; x_wconf 84' lang='lat' dir='ltr'>Schol.</span> <span class='ocrx_word' id='word_1_187' title='bbox 413 2042 571 2087; x_wconf 85' lang='lat' dir='ltr'>Andr.</span> <span class='ocrx_word' id='word_1_188' title='bbox 603 2038 700 2085; x_wconf 83' lang='grc'>342.</span> <span class='ocrx_word' id='word_1_189' title='bbox 749 2040 857 2084; x_wconf 76' lang='grc' dir='ltr'>ἀλλ’</span> <span class='ocrx_word' id='word_1_190' title='bbox 889 2040 1033 2085; x_wconf 76' lang='grc' dir='ltr'><em>εἶσιν</em></span> <span class='ocrx_word' id='word_1_191' title='bbox 1081 2035 1135 2083; x_wconf 78' lang='grc' dir='ltr'>οἷ</span> <span class='ocrx_word' id='word_1_192' title='bbox 1172 2038 1293 2096; x_wconf 80' lang='grc' dir='ltr'>χρή.·</span> <span class='ocrx_word' id='word_1_193' title='bbox 1342 2037 1456 2095; x_wconf 92' lang='lat' dir='ltr'>quod</span> 
     </span>
     <span class='ocr_line' id='line_1_28' title="bbox 93 2109 1453 2167; baseline -0.003 -16"><span class='ocrx_word' id='word_1_194' title='bbox 93 2110 250 2152; x_wconf 90' lang='lat' dir='ltr'>lemma</span> <span class='ocrx_word' id='word_1_195' title='bbox 276 2125 362 2152; x_wconf 91' lang='lat' dir='ltr'>non</span> <span class='ocrx_word' id='word_1_196' title='bbox 393 2111 606 2166; x_wconf 88' lang='lat' dir='ltr'>quadrare</span> <span class='ocrx_word' id='word_1_197' title='bbox 632 2112 676 2152; x_wconf 92' lang='lat' dir='ltr'>in</span> <span class='ocrx_word' id='word_1_198' title='bbox 695 2112 878 2167; x_wconf 89' lang='lat' dir='ltr'>priorem</span> <span class='ocrx_word' id='word_1_199' title='bbox 905 2109 1262 2166; x_wconf 87' lang='lat' dir='ltr'>interpretationis</span> <span class='ocrx_word' id='word_1_200' title='bbox 1288 2113 1453 2164; x_wconf 88' lang='lat' dir='ltr'>partem</span> 
     </span>
     <span class='ocr_line' id='line_1_29' title="bbox 93 2177 768 2235; baseline -0.001 -15"><span class='ocrx_word' id='word_1_201' title='bbox 93 2193 223 2235; x_wconf 85' lang='lat' dir='ltr'>supra</span> <span class='ocrx_word' id='word_1_202' title='bbox 252 2178 514 2220; x_wconf 88' lang='lat' dir='ltr'>ostendimus</span> <span class='ocrx_word' id='word_1_203' title='bbox 545 2194 585 2235; x_wconf 89' lang='lat' dir='ltr'>p.</span> <span class='ocrx_word' id='word_1_204' title='bbox 617 2177 672 2221; x_wconf 87' lang='grc'>44</span> <span class='ocrx_word' id='word_1_205' title='bbox 705 2194 768 2235; x_wconf 87' lang='lat' dir='ltr'>sq.</span> 
     </span>
    </p>

    <p class='ocr_par' dir='ltr' id='par_1_9' title="bbox 207 2244 1459 2302">
     <span class='ocr_line' id='line_1_30' title="bbox 207 2244 1459 2302; baseline -0.003 -14"><span class='ocrx_word' id='word_1_206' title='bbox 207 2245 378 2291; x_wconf 87' lang='lat' dir='ltr'>Schol.</span> <span class='ocrx_word' id='word_1_207' title='bbox 411 2246 570 2288; x_wconf 89' lang='lat' dir='ltr'>Andr.</span> <span class='ocrx_word' id='word_1_208' title='bbox 589 2244 683 2290; x_wconf 85' lang='grc'>494.</span> <span class='ocrx_word' id='word_1_209' title='bbox 715 2244 1036 2302; x_wconf 82' lang='grc' dir='ltr'><em>σύγκρατον.·</em></span> <span class='ocrx_word' id='word_1_210' title='bbox 1066 2246 1459 2300; x_wconf 77' lang='grc' dir='ltr'><em>συγκεκροτημένον,</em></span> 
     </span>
    </p>
   </div>
   <div class='ocr_carea' id='block_1_5' title="bbox 93 2363 364 2369">
    <p class='ocr_par' dir='ltr' id='par_1_10' title="bbox 93 2363 364 2369">
     <span class='ocr_line' id='line_1_31' title="bbox 93 2363 364 2369; baseline 0 0"><span class='ocrx_word' id='word_1_211' title='bbox 93 2363 364 2369; x_wconf 95' lang='lat' dir='ltr'> </span> 
     </span>
    </p>
   </div>
   <div class='ocr_carea' id='block_1_6' title="bbox 93 2412 1459 2618">
    <p class='ocr_par' dir='ltr' id='par_1_11' title="bbox 93 2412 1459 2577">
     <span class='ocr_line' id='line_1_32' title="bbox 187 2412 1457 2462; baseline -0.005 -10"><span class='ocrx_word' id='word_1_212' title='bbox 187 2420 220 2462; x_wconf 89' lang='grc'>1)</span> <span class='ocrx_word' id='word_1_213' title='bbox 243 2420 296 2452; x_wconf 87' lang='lat' dir='ltr'>De</span> <span class='ocrx_word' id='word_1_214' title='bbox 320 2420 496 2451; x_wconf 85' lang='lat' dir='ltr'>lemmatis</span> <span class='ocrx_word' id='word_1_215' title='bbox 533 2417 652 2450; x_wconf 86' lang='lat' dir='ltr'>scholl.</span> <span class='ocrx_word' id='word_1_216' title='bbox 692 2418 727 2449; x_wconf 88' lang='lat' dir='ltr'>in</span> <span class='ocrx_word' id='word_1_217' title='bbox 767 2417 872 2459; x_wconf 85' lang='lat' dir='ltr'>Soph.</span> <span class='ocrx_word' id='word_1_218' title='bbox 901 2428 933 2449; x_wconf 90' lang='lat' dir='ltr'>v.</span> <span class='ocrx_word' id='word_1_219' title='bbox 969 2416 1073 2448; x_wconf 83' lang='lat' dir='ltr'>Dind.</span> <span class='ocrx_word' id='word_1_220' title='bbox 1108 2414 1221 2447; x_wconf 84' lang='lat' dir='ltr'>Praef.</span> <span class='ocrx_word' id='word_1_221' title='bbox 1251 2424 1283 2456; x_wconf 88' lang='lat' dir='ltr'>p.</span> <span class='ocrx_word' id='word_1_222' title='bbox 1308 2413 1368 2445; x_wconf 85' lang='lat' dir='ltr'>IV.</span> <span class='ocrx_word' id='word_1_223' title='bbox 1416 2412 1457 2446; x_wconf 83' lang='lat' dir='ltr'>G.</span> 
     </span>
     <span class='ocr_line' id='line_1_33' title="bbox 93 2470 1459 2519; baseline -0.006 -10"><span class='ocrx_word' id='word_1_224' title='bbox 93 2476 213 2509; x_wconf 87' lang='lat' dir='ltr'>Wolff.</span> <span class='ocrx_word' id='word_1_225' title='bbox 249 2477 272 2509; x_wconf 89' lang='lat' dir='ltr'>l.</span> <span class='ocrx_word' id='word_1_226' title='bbox 298 2487 328 2509; x_wconf 80' lang='lat' dir='ltr'>a.</span> <span class='ocrx_word' id='word_1_227' title='bbox 367 2487 400 2519; x_wconf 90' lang='lat' dir='ltr'>p.</span> <span class='ocrx_word' id='word_1_228' title='bbox 429 2477 481 2508; x_wconf 89' lang='lat'>10.</span> <span class='ocrx_word' id='word_1_229' title='bbox 507 2487 558 2517; x_wconf 83' lang='lat' dir='ltr'>sq.</span> <span class='ocrx_word' id='word_1_230' title='bbox 608 2475 659 2507; x_wconf 88' lang='lat' dir='ltr'>De</span> <span class='ocrx_word' id='word_1_231' title='bbox 689 2475 812 2507; x_wconf 79' lang='lat' dir='ltr'>scholi.</span> <span class='ocrx_word' id='word_1_232' title='bbox 844 2475 877 2505; x_wconf 87' lang='lat' dir='ltr'>in</span> <span class='ocrx_word' id='word_1_233' title='bbox 907 2473 1066 2516; x_wconf 81' lang='lat' dir='ltr'>Aeschyl.</span> <span class='ocrx_word' id='word_1_234' title='bbox 1104 2484 1136 2505; x_wconf 91' lang='lat' dir='ltr'>v.</span> <span class='ocrx_word' id='word_1_235' title='bbox 1172 2471 1354 2504; x_wconf 83' lang='lat' dir='ltr'>Francken</span> <span class='ocrx_word' id='word_1_236' title='bbox 1380 2470 1402 2502; x_wconf 86' lang='grc' dir='ltr'>Ι.</span> <span class='ocrx_word' id='word_1_237' title='bbox 1428 2480 1459 2502; x_wconf 80' lang='lat' dir='ltr'>a.</span> 
     </span>
     <span class='ocr_line' id='line_1_34' title="bbox 93 2533 372 2577; baseline 0 -10"><span class='ocrx_word' id='word_1_238' title='bbox 93 2534 207 2567; x_wconf 78' lang='lat' dir='ltr'>Praef.</span> <span class='ocrx_word' id='word_1_239' title='bbox 237 2545 270 2577; x_wconf 89' lang='lat' dir='ltr'>p.</span> <span class='ocrx_word' id='word_1_240' title='bbox 295 2533 372 2567; x_wconf 93' lang='lat' dir='ltr'>XV.</span> 
     </span>
    </p>

    <p class='ocr_par' dir='ltr' id='par_1_12' title="bbox 1235 2587 1257 2618">
     <span class='ocr_line' id='line_1_35' title="bbox 1235 2587 1257 2618; baseline 0 0"><span class='ocrx_word' id='word_1_241' title='bbox 1235 2587 1257 2618; x_wconf 84' lang='lat'>4</span> 
     </span>
    </p>
   </div>
  </div>
 </body>
</html>
