1716 3017
712 147 805 194 27*

62 274 302 327 lectionem,
350 289 460 331 quae
499 276 685 331 ascripta
715 282 777 317 est
805 277 848 316 in
876 274 970 318 cod.
1001 289 1053 326 a„
1094 289 1181 316 non
1214 289 1306 316 esse
1330 289 1422 330 pro-

62 341 217 384 fectam
269 356 323 383 ex
375 343 617 398 posterioris
669 342 891 399 cujusdam
936 342 1121 384 hominis
1169 343 1423 398 conjectura,

64 409 138 451 sed
182 411 281 451 satis
315 411 534 466 antiquam
575 425 688 451 esse:
717 426 776 465 p.
807 407 876 451 48.
909 425 948 451 v.
977 406 1050 454 20:
1098 406 1160 466 μὴ
1190 407 1346 461 ὀμόσας
1376 408 1423 451 δὲ

61 478 182 533 φίλος
220 482 355 531 γένοιο
386 475 438 519 ἄν
473 477 559 518 κτλ.
621 477 779 519 Contra
825 483 973 519 auctor
1014 477 1161 519 scholii
1200 474 1281 519 737
1322 476 1425 531 legit

62 543 280 599 ἐνώμοτος.
314 569 367 575 -

176 612 366 668 Apparet
397 613 538 668 igitur,
566 611 700 653 verba
732 626 841 667 quae
871 625 985 652 nunc
1016 610 1127 652 mala
1159 611 1424 667 grammatici

63 679 285 736 cujusdam
316 679 544 721 sedulitate
564 680 797 721 rectissima
823 693 917 720 esse
937 678 1162 720 videantur
1194 679 1291 731 (nisi
1310 679 1424 734 quod

64 763 141 805 pro
171 749 240 790 καὶ
266 748 384 790 θεῶν
415 744 626 800 ἓνώμοτος
654 746 927 788 scribendum
962 748 1014 788 sit
1041 747 1101 802 μὴ
1129 744 1247 788 θεῶν
1276 744 1426 799 ἐνώμο-

63 819 162 867 τος),
195 829 244 856 ea
275 814 453 871 Didymi
483 821 672 870 tempore
708 820 853 870 aperte
882 820 1081 870 corrupta
1110 813 1255 857 fuisse.
1317 813 1424 856 Cum

39 883 331 924 accusativus
370 880 737 938 ἑπικηρυκεύματα
777 883 869 924 sine
900 881 1029 923 dubio
1059 881 1328 937 recipiendus
1361 883 1426 935 sit,

65 948 365 991 difficillimum
394 964 496 991 sane
517 956 592 1002 est,
624 951 755 991 verba
781 965 877 992 cum
909 949 1220 1006 probabilitatis
1242 950 1427 1005 quadam

66 1018 206 1074 specie
235 1018 468 1071 restituere,
507 1018 550 1059 id
584 1018 698 1073 quod
729 1018 867 1060 elucet
896 1032 950 1059 ex
979 1032 1133 1072 magno
1167 1019 1429 1074 conjectura-

66 1100 160 1127 rum
192 1099 381 1129 numero.
414 1085 539 1136 (Vide
561 1086 758 1142 Elmsleji
783 1093 823 1127 et
842 1086 1080 1128 Hermanni
1101 1086 1426 1135 annotationes).

65 1152 281 1195 Nauckius
314 1167 392 1209 pro
422 1154 543 1208 φίλος
573 1154 845 1195 scribendum
869 1168 961 1195 esse
982 1159 1102 1208 putat
1123 1153 1267 1208 φῆλος,
1295 1153 1431 1195 Verba

67 1227 208 1262 autem
244 1235 355 1277 quae
395 1227 493 1262 sunt
533 1217 606 1264 οὐκ
637 1217 689 1263 ἂν
719 1225 872 1264 πίθοιο
922 1221 1126 1262 mutanda
1172 1221 1215 1261 in
1259 1219 1350 1262 τάχ’
1380 1217 1431 1263 ἂν

67 1291 195 1331 πίθοι
219 1300 281 1330 σε.
339 1288 515 1331 Kirchh.
550 1296 591 1330 et
615 1289 794 1331 Weilius
828 1303 998 1331 versum
1029 1287 1293 1329 intercidisse
1323 1289 1430 1329 arbi-

67 1361 243 1400 trantur.
303 1356 407 1397 Mihi
435 1363 536 1398 nata
568 1363 632 1399 est
664 1372 713 1399 ea
745 1358 941 1413 suspicio,
970 1361 1015 1398 ut
1040 1356 1173 1398 verba
1198 1371 1307 1411 quae
1335 1361 1432 1397 sunt

68 1421 140 1467 οὐκ
168 1420 220 1466 ἂν
245 1426 399 1466 πίθοιο
442 1423 580 1465 locum
620 1431 883 1480 permutasse
926 1429 1119 1480 putarem
1158 1438 1255 1464 cum
1290 1423 1432 1465 verbis

68 1488 116 1533 οὗ
147 1492 289 1546 μεθεῖ
318 1489 380 1543 ἄν,
412 1492 630 1547 scripsisse
660 1493 787 1547 igitur
814 1492 1066 1547 Euripidem
1099 1491 1205 1533 haec
1230 1491 1338 1532 fere:

539 1559 702 1608 τούτοις
730 1561 766 1601 δ’
802 1558 983 1615 ὁρκίοισι
1011 1558 1088 1613 μὲν
1118 1560 1249 1613 ζυγεὶς

237 1624 412 1679 ἄγουσιν
442 1623 490 1669 οὐ
515 1629 658 1670 πίθοι’
685 1624 736 1671 ἂν
765 1626 810 1670 ἐκ
843 1631 958 1680 γαίας
987 1626 1073 1680 ἐμέ·

239 1694 378 1748 λόγοις
405 1695 451 1737 δὲ
479 1695 640 1750 συμβὰς
670 1694 730 1752 μὴ
759 1696 874 1738 θεῶν
902 1694 1110 1749 ἐνώμοτος

240 1762 359 1815 φίλος
391 1760 516 1815 γένοι’
547 1759 600 1805 ἂν
627 1758 1027 1819 κάπικηρυκεὺματα

241 1825 315 1872 οὐκ
345 1825 399 1873 ἂν
428 1834 581 1884 μεθεῖο
601 1834 643 1885 ¹).

184 1898 383 1941 Concedo
409 1899 522 1941 haud
550 1901 609 1942 ita
637 1899 762 1941 facile
785 1914 877 1940 esse
898 1898 1128 1954 explicatu,
1163 1913 1248 1954 qua
1269 1900 1435 1941 ratione

74 1981 127 2007 ex
158 1966 223 2008 his
255 1966 399 2008 verbis
430 1968 548 2009 nasci
569 1968 755 2023 potuerit
787 1967 981 2008 codicum
1012 1967 1235 2023 scriptura.
1297 1967 1437 2009 Causa

73 2034 315 2075 mutationis
358 2033 534 2077 fortasse
564 2036 703 2090 posita
747 2041 811 2076 est
852 2036 897 2076 in
933 2050 995 2086 eo,
1048 2034 1161 2091 quod
1207 2034 1263 2075 ad
1295 2033 1435 2077 πίθοι’

74 2101 270 2157 ascripsit
296 2103 438 2143 nescio
471 2103 565 2158 quis
593 2098 754 2156 μεθεῐ’,
801 2103 914 2144 unde
943 2102 1149 2158 penderet
1178 2104 1439 2158 praepositio

76 2166 132 2212 ἐκ.
196 2167 291 2219 Quo
336 2168 447 2211 facto
497 2185 545 2211 eo
592 2170 760 2212 facilius
796 2171 888 2212 fieri
928 2171 1077 2225 potuit,
1130 2176 1176 2212 ut
1205 2170 1336 2212 verba
1365 2170 1440 2212 illa

76 2236 186 2276 inter
213 2250 258 2276 se
289 2243 566 2290 mutarentur,
595 2239 795 2294 quoniam
826 2244 1052 2293 utrumque
1080 2240 1351 2295 conjunctum
1379 2245 1441 2280 est

77 2317 173 2344 cum
203 2304 422 2359 particulis
455 2303 533 2346 οὐκ
565 2311 606 2347 et
629 2303 696 2351 ἄν,
756 2305 843 2347 Nee
884 2305 1001 2347 deest
1030 2305 1164 2357 loeus,
1208 2307 1281 2348 ubi
1313 2308 1357 2347 in
1390 2322 1439 2347 eo

173 2463 204 2504 1)
229 2462 280 2495 Cf.
305 2462 412 2495 schol.
451 2475 485 2505 p.
512 2465 567 2496 49.
611 2475 644 2498 v.
677 2466 697 2495 2
727 2474 798 2506 sq.:
842 2458 904 2496 διά
941 2460 989 2497 τά
1025 2462 1336 2512 ἐπικηρυκεύμοιτα
1366 2492 1371 2499 .
1399 2492 1408 2502 .
1435 2489 1442 2497 .

80 2516 349 2563 ἐξαιτουμένοις
374 2530 414 2563 με
438 2516 578 2562 ἑκδοίης
605 2514 651 2554 ἂν
679 2517 820 2560 αὐτοῖς.
849 2538 890 2544 -
