1716 3017
729 152 783 198 61

0 259 17 335 ἶ
78 279 130 324 Ο.
163 278 445 332 Schneidero‚
490 278 560 320 De
591 284 675 324 vet.
720 280 765 320 in
806 278 1023 334 Aristoph.
1068 277 1218 322 scholl.
1250 278 1438 320 fontibus

76 363 117 403 p.
160 344 252 400 105,
289 347 387 404 jure
426 346 582 388 refellit
624 346 677 391 G.
709 345 856 388 Wolff.
903 346 930 391 L
963 361 1000 387 a.
1031 361 1072 402 p.
1101 343 1198 389 207.
1259 347 1355 388 Ηο0
1385 361 1438 389 ex

74 415 192 457 fonte
222 428 333 471 quae
377 420 605 456 manarunt
649 413 852 455 lectiones
896 414 1149 470 plerumque
1178 415 1237 455 ita
1270 429 1439 470 compa-

0 485 7 524 ζ·
74 488 192 524 ratae
222 487 331 535 sunt,
361 487 408 523 ut
428 482 539 523 idem
569 481 657 523 fere
686 481 926 536 significent
957 488 1084 537 atque
1105 481 1307 523 lectiones
1329 496 1440 537 quae

10 556 11 561 ’
74 555 245 592 exstant
284 550 326 591 in
355 549 585 592 codicibus.
644 549 857 605 Imprimis
903 555 1043 591 autom
1091 549 1201 591 hanc
1246 549 1441 591 redolent

75 618 284 673 originem
319 632 408 671 eae,
453 632 561 673 quae
592 618 713 658 metri
753 617 919 672 legibus
957 632 1042 658 non
1072 617 1345 672 respondent,
1395 624 1440 658 ut

0 709 7 735 ᾗ
75 684 241 728 501101.
271 685 434 730 Andr.
467 682 564 727 880.
599 683 806 738 δωμάτων
836 684 1083 740 πορεύεταιε
1119 683 1256 739 γράφε
1287 686 1439 727 διαπο-

0 741 3 784 f
75 751 240 809 ρεὺεται
278 752 364 808 πρὸ
398 753 619 807 δωμάτων.
679 752 860 794 schol.
897 752 1027 794 Med.
1070 749 1164 795 785.
1210 751 1337 809 τήνδε
1381 748 1440 808 μὴ

0 815 5 859 ἓ
73 820 245 875 φεύγειν
272 820 439 872 χθόνα.·
470 820 674 876 γράφεται
700 822 836 876 δῆθεν
863 818 921 875 μὴ
943 817 1112 874 φεύγειν
1134 818 1285 871 χθόνα.
1319 820 1439 872 Quae

2 920 5 922 -
73 888 197 930 lectio
245 904 341 930 cum
385 896 517 930 metro
562 903 648 930 non
678 889 891 941 convenit,
943 889 1023 928 nisi
1067 888 1276 929 scribatur
1308 890 1437 944 δῆθε,

73 971 184 1013 quae
229 955 366 998 forma
414 956 570 1011 legitur
605 956 706 1000 Eur.
751 956 908 998 Electr.
952 953 1048 1000 267.
1106 956 1269 998 Auctor
1314 956 1438 1012 hujus

72 1017 280 1078 1001101115,
327 1025 417 1066 sive
453 1030 551 1066 nata
580 1030 642 1065 est
674 1039 729 1066 ex
756 1025 1133 1080 interpretamento
1168 1027 1259 1066 sive
1289 1039 1312 1065 0
1344 1040 1439 1066 0011-

65 1092 247 1148 jectum,
299 1092 448 1133 efferre
486 1092 618 1133 voluit
657 1091 836 1133 Medeae
874 1091 1202 1144 simulationem,
1251 1092 1293 1133 id
1323 1093 1439 1148 quod

71 1161 246 1201 minime
291 1161 580 1202 necessarium
623 1165 698 1212 est,
749 1174 845 1200 cum
879 1175 933 1200 ex
962 1166 1050 1201 tota
1081 1162 1284 1213 oratione,
1335 1160 1439 1216 quid

0 1278 1 1281 Ἴ
70 1226 248 1269 Medeae
280 1228 324 1269 in
356 1229 495 1269 animo
528 1229 600 1278 sit,
642 1226 736 1269 luce
774 1228 930 1269 clarius
960 1233 1177 1283 appareat
1239 1227 1438 1270 Ceterum

71 1301 184 1337 totus
209 1310 373 1348 versus,
407 1297 478 1351 qui
507 1295 713 1337 conflatus
743 1303 806 1337 est
836 1311 892 1336 ex
924 1311 993 1337 vv.
1014 1294 1110 1337 93Ῑ.
1137 1292 1219 1338 927
1242 1297 1339 1351 jure
1360 1311 1438 1352 pro

72 1365 215 1419 spurio
246 1363 438 1406 habetur.

190 1431 419 1474 Praeterea
476 1433 520 1473 in
569 1431 682 1473 hunc
727 1431 954 1474 lectionum
1006 1446 1229 1474 numerum
1283 1431 1438 1474 referas

72 1498 149 1540 has
180 1499 290 1541 fere:

185 1568 314 1613 Med0
345 1583 384 1613 V.
418 1565 550 1611 1151:

239 1636 408 1692 ἄψυχον
438 1635 533 1678 εἰκὼ
565 1638 841 1691 προσγελῶσά
872 1638 1076 1692 σώματος.

186 1715 360 1760 Schol.
394 1713 527 1759 1162:
559 1717 764 1771 γράᾳεται
793 1719 1127 1773 προσβλέπουσα
1157 1716 1350 1770 σώματος
1385 1741 1437 1747 ——

72 1783 187 1840 quod
230 1785 471 1839 interpretis
516 1799 608 1826 esse
638 1785 815 1829 Kirchh.
866 1785 1011 1837 (Proll.
1043 1785 1156 1827 Med.
1190 1800 1230 1840 p,
1259 1782 1345 1839 34.)
1378 1787 1439 1826 in-

69 1851 245 1893 tellexit.
277 1876 332 1881 —
462 1908 465 1909 ⁷

183 1920 318 1962 Med.
350 1917 480 1963 1346:

241 1985 389 2042 ἄτιμον
417 1989 551 2044 τῆσδέ
576 1984 621 2042 μ’
656 1987 846 2043 ἐκβαλεῖν
875 1988 1052 2040 χθονός.

127 2069 189 2110 γρ.
221 2053 368 2098 ἀνατεί

69 2116 103 2154 Β
124 2108 292 2166 ἀτίμως,
322 2112 419 2156 bcd.
448 2110 614 2167 ἄτιμον,
648 2114 773 2155 ceteri
806 2120 852 2154 ut
882 2114 1050 2155 videtur
1080 2110 1235 2156 άνατεί.

185 2179 328 2222 Schol.
362 2177 494 2224 1357:
537 2176 561 2237 ἢ
591 2179 795 2238 γράφεται
819 2183 887 2223 καὶ
917 2178 1048 2233 άνατί,
1085 2180 1178 2237 ἤτοι
1205 2179 1437 2239 ἄτιμωρητὶ

68 2249 138 2290 καὶ
167 2246 269 2291 ἄνευ
300 2247 412 2305 ἄτης.

183 2315 313 2358 Recte
346 2316 524 2359 Kirchh.
556 2315 706 2370 ἄτιμον
737 2319 910 2373 recepit,
945 2333 1041 2360 cum
1074 2319 1203 2360 ceteri
1233 2318 1322 2359 fere
1349 2333 1435 2360 om-

69 2398 160 2437 nes,
206 2384 453 2438 Schoenitas,
496 2384 730 2439 Nauckffls,
775 2384 987 2438 Klotzius,
1030 2386 1283 2428 Dindorfius
1313 2384 1440 2429 ἀνατί

71 2453 328 2508 scripserint,
391 2452 500 2495 Nam
541 2468 714 2509 prorsus
755 2453 844 2495 veri
877 2460 940 2496 est
981 2453 1200 2507 dissimile,
1248 2454 1434 2511 aliquem

70 2514 196 2562 ἀνατί
222 2521 543 2577 interpretatum
583 2536 672 2564 esse
702 2520 829 2564 verbo
863 2521 1026 2577 ἄτιμον,
1071 2522 1187 2579 quod
1221 2522 1434 2578 quomodo
