1716 3017
922 149 978 194 34

267 273 472 331 Elmslejo
505 276 690 329 citatum,
734 274 898 319 Hecub.
930 291 970 319 v.
998 272 1082 319 ‘297
1114 292 1198 333 sq.:
1243 279 1352 333 μηδὲ
1376 278 1438 335 τῷ
1465 281 1629 334 θυμου-

267 345 380 397 μένω
411 338 489 385 τὸν
521 339 566 385 εὖ
598 343 771 396 λέγοντα
804 343 995 400 δυσμενῆ
1025 345 1150 387 ποιοῦ
1179 348 1315 401 φρενί.
1352 349 1424 401 -ζ

382 410 434 452 V.
465 408 593 455 1071:

879 477 990 534 πρὸς
1017 477 1191 532 ἁμίλλας

437 540 570 602 ἦλθον
599 545 769 599 μείζους
796 541 823 601 ἢ
850 544 929 602 χρὴ
961 545 1110 599 γενεὰν

436 614 575 669 θῆλυν
606 611 792 668 ἐρευνᾶν.

380 672 1136 738 ΒεῖΟῆΕοᾶῆΒείΟῆ.-

378 749 415 789 Ε
447 748 575 792 schol.
595 745 718 791 1081.
748 763 789 803 p.
808 746 874 790 68.
905 764 943 790 v.
965 747 1012 792 9:
1046 751 1261 807 ,,ζητοῦσα,
1289 753 1329 795 εἰ
1356 753 1536 798 δυνατὸν
1563 758 1632 799 καὶ

265 817 318 872 τῇ
349 819 560 871 γυναικείᾳ
586 813 712 871 φύσει
757 814 934 871 ἐρευνᾶν
962 817 1014 860 τὰ
1043 820 1120 862 τοῦ
1159 823 1255 875 βίου
1288 822 1540 878 πράγματα<<
1573 850 1626 855 -

268 889 459 940 apparet,
489 884 652 925 variam
684 883 906 926 lectionem
939 884 989 939 εἰ,
1022 901 1131 943 quae
1153 889 1256 944 quin
1287 889 1398 932 falsa
1428 892 1483 932 sit
1503 907 1628 935 nemo

268 951 494 1002 dubitabit,
540 953 640 993 satis
675 966 766 993 esse
795 953 1026 1008 antiquam.
1087 956 1198 998 Nata
1243 963 1307 999 est
1334 958 1513 1000 fortasse
1538 960 1631 1017 jam

233 1059 235 1061 ,
265 1019 456 1061 Eue-liciis
491 1019 706 1061 archontis
737 1025 886 1074 aetate,
935 1035 1046 1075 eum,
1090 1022 1222 1066 literis
1255 1026 1404 1067 ionicis
1432 1027 1476 1067 in
1508 1042 1631 1068 usum

264 1089 457 1144 receptis,
488 1087 584 1129 libri
614 1089 800 1144 antiquis
829 1087 961 1131 literis
993 1091 1137 1146 scripti
1157 1094 1562 1137 transscriberentur
1586 1097 1629 1146 ¹).

378 1156 430 1200 V.
462 1153 574 1199 1075
605 1171 719 1212 sqq.:

436 1225 603 1279 παῦρον
636 1221 689 1279 δὴ
722 1226 837 1278 γένος
869 1222 915 1266 ἐν
943 1225 1118 1273 πολλαῖς

435 1289 578 1346 εὕροις
607 1288 661 1333 ἄν
693 1291 803 1338 ἴσως·

438 1356 539 1402 κούκ
569 1357 828 1413 οἷπόμουσον
856 1356 905 1402 τὸ
938 1361 1154 1413 γυναικῶν.

378 1495 431 1540 V.
466 1492 577 1538 1075
607 1495 642 1536 Β
674 1454 740 1537 δὲ
753 1441 826 1551 δῖέ
837 1455 963 1538 gilae
994 1498 1042 1539 δὲ
1073 1495 1126 1552 δή
1156 1497 1384 1553 Βπαῦρον
1411 1501 1463 1542 δέ
1489 1517 1542 1554 τι,
1576 1501 1631 1542 de

263 1564 414 1605 ceteris
446 1578 533 1605 non
565 1569 740 1606 constat

379 1631 551 1676 Elmsl.:
594 1631 762 1687 παῦρον
803 1631 849 1674 δὲ
893 1635 1009 1685 γένος
1048 1634 1160 1686 (μίαν
1200 1631 1247 1676 ἐν
1287 1635 1461 1681 πολλαῖς

646 1696 783 1755 εὕροις
813 1695 864 1742 ἂν
898 1699 1033 1755 ἴσως).

592 1762 663 1809 οὐκ
696 1765 950 1822 ἀπόμουσον
978 1764 1028 1811 τὸ
1059 1769 1271 1822 γυναικῶν.

375 1834 566 1876 Verbum
585 1838 686 1889 μίαν
706 1836 881 1878 inseruit
902 1851 956 1877 ex
976 1835 1252 1879 similitudine
1269 1836 1439 1881 Heracl.
1459 1852 1500 1882 V.
1530 1833 1626 1882 327.

261 1902 382 1954 Quae
429 1904 673 1959 conjectura
719 1903 962 1945 confirmari
1008 1904 1177 1946 videtur
1219 1905 1460 1947 testimonio
1490 1904 1625 1949 schol.

260 1985 301 2026 p.
324 1967 390 2012 68.
425 1967 560 2013 v.13:
592 1961 647 2013 ὧν
677 1965 784 2014 οὖσα
811 1975 888 2025 μία
917 1972 984 2013 καὶ
1016 1968 1121 2028 αὐτὴ
1149 1972 1349 2026 τυγχάνω.
1411 1971 1622 2015 Cf.Weil.

261 2037 498 2090 Quominus
531 2045 674 2082 autem
702 2053 901 2094 magnam
932 2039 1168 2082 tribuamus
1201 2043 1498 2082 auctoritatem
1530 2054 1622 2082 ver-

353 2189 386 2228 1)
412 2187 463 2220 Cf.
490 2188 598 2221 schol.
624 2187 752 2220 Phoen.
781 2188 846 2219 682
869 2197 946 2220 cum
972 2191 1089 2220 annot.
1108 2187 1230 2220 Valck.
1255 2188 1292 2220 F.
1311 2189 1353 2221 A.
1373 2187 1492 2221 Wolff.
1517 2187 1624 2221 Proll.

260 2243 302 2275 ad
328 2244 429 2279 Hom.
457 2256 489 2287 p.
519 2246 573 2277 63.
599 2255 632 2277 n.
660 2247 715 2277 29.
741 2245 896 2280 Boeckh.
929 2245 1066 2288 „Ueber
1101 2244 1157 2277 die
1185 2245 1272 2278 krit.
1294 2244 1413 2278 Behdl.
1439 2244 1498 2278 der
1523 2244 1623 2277 Pind.

259 2300 367 2333 Ged.“
391 2312 423 2343 p.
449 2302 515 2334 307
541 2312 612 2343 sqq.
645 2302 718 2336 Jul.
744 2303 896 2342 Richter,
922 2302 964 2334 de
989 2305 1075 2335 vett.
1101 2301 1226 2334 Aeseh.
1247 2302 1351 2344 Soph.
1370 2302 1489 2344 Eurip.
1516 2302 1624 2334 inter-

257 2357 415 2400 pretibus
442 2369 475 2401 p.
501 2360 556 2391 27.
589 2358 737 2402 Sauppe,
771 2360 879 2402 Epist.
905 2359 981 2392 orit.
1006 2371 1040 2403 p.
1066 2360 1121 2391 98.
1164 2358 1206 2391 G.
1233 2359 1354 2399 Wolff,
1379 2358 1402 2391 1.
1428 2369 1458 2390 a.
1483 2369 1516 2400 p.
1542 2359 1620 2392 214.

258 2415 452 2455 Francken,
478 2414 520 2448 de
544 2418 614 2449 ant.
632 2416 757 2449 Aesch.
782 2417 1109 2459 interpretationum
1135 2415 1178 2448 ad
1196 2418 1383 2458 genuinam
1407 2415 1488 2448 lect.
1505 2415 1621 2448 restit.

254 2482 320 2506 usu
346 2475 379 2505 et
403 2476 494 2506 auct.
531 2484 563 2516 p.
591 2475 666 2508 131.
714 2474 876 2515 Leutsch,
916 2474 1029 2508 Praef.
1065 2473 1279 2507 Schneidew.
1309 2474 1433 2515 Agam.
1459 2483 1493 2515 p.
1527 2472 1622 2505 XVI.

258 2529 313 2563 W.
344 2530 468 2563 Christ.
493 2531 620 2565 Philol.
646 2532 700 2564 25.
726 2543 758 2574 p.
788 2532 864 2564 607.
