1716 3017
921 170 978 214 44

381 290 434 331 V.
463 289 547 334 340
560 308 568 333 :

436 355 521 410 οὐχ’
554 351 626 402 ὧδ’
658 360 868 417 ἄνανδρον
900 358 1081 420 αὗτὸνή
1117 367 1248 419 Ίροία
1279 365 1409 410 καλεῖ.

377 425 496 467 Libri
524 428 650 470 καλεῖ.
711 428 850 474 801101.
877 428 982 472 341:
1012 428 1150 476 κάλειε
1181 427 1274 474 ἀντὶ
1299 434 1372 474 τοῦ
1401 431 1543 475 ἐκάλει
1570 433 1624 476 Α.

263 490 411 543 ἐκάλει,
452 495 520 536 καὶ
561 487 681 542 οὗτος
724 493 747 537 ὁ
786 496 910 545 τόνος
954 496 1263 553 παροξυτόνως.
1338 499 1460 552 Quae
1503 502 1623 544 varia

263 559 389 602 lectio
430 562 523 602 sine
562 562 691 604 dubio
730 570 821 605 orta
855 570 939 618 est,
985 567 1087 621 quia
1132 566 1408 608 offensionem
1440 567 1626 611 habebat

261 633 427 683 tempus
470 644 669 684 praesens
718 638 969 687 usurpatum
1018 633 1070 674 de
1108 633 1237 686 Troja
1269 633 1418 676 deleta.
1477 635 1626 691 Neque

261 701 403 736 tamen
434 698 665 753 quicquam
687 699 958 741 tribuendum
988 706 1052 741 est
1084 701 1181 742 huic
1214 701 1450 755 offensioni,
1483 717 1625 759 neque

260 762 482 817 probanda
512 780 589 820 per
620 780 664 806 se
683 766 758 808 illa
789 767 1041 808 emendandi
1068 768 1189 821 ratio,
1222 783 1320 810 cum
1351 776 1625 824 augmentum

262 829 342 871 1100
375 830 468 873 1000
502 847 587 874 non
619 835 750 888 possit
781 835 928 879 omitti.
959 859 1014 865 —

377 963 466 1009 ἀλλ’
497 964 604 1011 εἶσιν
636 962 681 1010 οἷ
704 967 799 1024 χρή.
860 968 959 1010 Solo
992 971 1036 1010 in
1069 970 1163 1014 cod.
1197 969 1244 1012 C.
1275 971 1431 1025 legitur
1458 986 1534 1027 pro
1568 964 1622 1021 οἷ,

256 1034 370 1090 quod
395 1042 457 1076 est
477 1036 520 1076 in
544 1037 692 1077 ceteris
711 1035 921 1090 omnibus,
954 1029 992 1094 ᾗ.
1052 1040 1190 1089 Quam
1210 1039 1372 1079 variam
1394 1039 1622 1080 lectionem

254 1116 342 1142 non
371 1117 462 1144 esse
495 1103 729 1159 profectam
762 1119 817 1145 ex
849 1104 1008 1146 librarii
1044 1105 1220 1161 alicujus
1252 1107 1497 1161 posterioris
1530 1107 1621 1148 sive

254 1170 498 1225 conjectura
519 1172 608 1213 sive
629 1171 781 1213 mendo
809 1173 1057 1227 scripturae,
1090 1173 1344 1215 documento
1368 1179 1466 1214 sunt
1487 1173 1620 1215 verba

255 1237 407 1278 scholii
441 1234 621 1294 ὁρμήσει
642 1273 651 1282 .
683 1274 691 1282 .
723 1272 732 1282 .
765 1236 815 1286 ὥς
847 1244 1019 1293 πρέπει,
1049 1239 1156 1292 μετὰ
1187 1241 1261 1296 τῆς
1281 1240 1457 1296 δεούσης
1485 1254 1622 1284 σπου-

254 1305 350 1359 δῆς,
391 1303 654 1355 ἐξελεύσεται
693 1303 825 1348 αὐτὸν
862 1305 914 1349 ὅν
953 1308 1023 1348 δεῖ
1048 1306 1211 1362 τρόπον
1233 1311 1274 1359 ¹).
1335 1307 1484 1364 Neque
1516 1307 1621 1349 mihi

253 1373 426 1428 quidem
461 1388 553 1415 esse
598 1373 773 1415 dubium
811 1374 993 1427 videtur,
1041 1375 1144 1431 quin
1177 1374 1301 1416 lectio
1333 1375 1409 1417 illa
1438 1376 1490 1417 sit
1518 1377 1624 1417 reei-

253 1441 424 1495 pienda‚
457 1455 554 1482 cum
576 1442 783 1483 sententia
801 1456 970 1498 quoque
999 1442 1332 1485 commendetur.
1392 1443 1485 1485 Non
1508 1445 1621 1485 enim

254 1523 337 1563 quo
368 1508 501 1550 iturus
527 1510 582 1550 sit
610 1508 914 1565 Neoptolemus
942 1524 1116 1552 necesse
1147 1516 1209 1551 est
1240 1510 1431 1552 indicare
1451 1511 1620 1553 Andro-

252 1575 462 1624 macham,
514 1576 587 1617 sed
629 1591 713 1633 qua
750 1578 936 1630 ratione,
989 1593 1072 1633 quo
1105 1579 1279 1620 consilio
1322 1580 1375 1619 sit
1403 1585 1618 1623 venturus.

250 1643 371 1695 Quae
403 1645 612 1686 sententia
641 1644 774 1686 multo
806 1650 917 1686 certe
942 1645 1169 1687 dilucidius
1202 1645 1442 1687 declaratur
1472 1645 1614 1688 verbis

247 1707 333 1752 ἀλλ’
366 1707 473 1752 εἶσιν
505 1703 535 1768 ᾗ
564 1709 648 1767 χρή
661 1729 674 1752 .·
705 1713 849 1754 veniet
876 1713 935 1754 ita
968 1718 1015 1753 ut
1045 1712 1186 1766 debet,
1219 1713 1353 1755 filium
1383 1712 1562 1757 ulturus.

361 1778 413 1822 V.
447 1775 530 1821 357
561 1794 646 1835 sq.:

725 1845 845 1889 αὐτοὶ
877 1843 952 1904 τὴν
980 1849 1099 1904 δίκην
1129 1845 1338 1902 ὑφέξομεν

419 1912 463 1956 ἐν
495 1919 604 1956 σοῖσι
635 1919 847 1970 γαμβροῖς.

356 1981 531 2023 Kirchh.
564 1982 688 2023 scribi
728 1982 822 2024 vult
852 1979 957 2038 αὐτῇ
999 1997 1076 2038 pro
1113 1980 1233 2025 αὐτοί
1261 1997 1310 2024 eo
1343 1983 1532 2037 consilio,
1564 1991 1610 2026 ut

244 2051 385 2092 dativo
433 2064 533 2091 casu
570 2049 791 2103 indicetur,
838 2051 904 2091 cui
951 2065 1111 2106 poenas
1153 2050 1343 2092 solutura
1382 2052 1416 2092 si
1447 2051 1611 2094 Andro-

244 2117 406 2158 macha.
466 2116 733 2158 Probabilior
752 2125 892 2160 autem
910 2118 1095 2160 Nauckii
1116 2120 1378 2174 conjectura,
1417 2121 1490 2175 qui
1519 2135 1615 2161 cum

243 2184 430 2226 offendat
472 2186 515 2225 in
557 2186 872 2241 praepositione
913 2184 972 2239 ἐν,
1023 2186 1296 2228 scribendum
1333 2200 1424 2228 0550
1443 2187 1612 2243 judicat

240 2256 328 2298 τοῖς
360 2257 475 2294 σοῖσι
504 2256 716 2307 γαμβροῖς.
774 2251 924 2309 Neque
971 2255 1088 2295 enim
1132 2261 1289 2296 temere
1329 2253 1431 2294 mihi
1461 2255 1610 2297 videor

241 2334 378 2374 agere,
409 2321 443 2362 si
463 2335 485 2361 e
512 2319 643 2363 schol.
673 2316 756 2363 359
779 2321 1001 2375 concludo,
1033 2321 1114 2364 hoc
1140 2323 1283 2378 ipsum
1304 2321 1463 2378 legisse
1485 2323 1612 2364 inter—

333 2492 364 2532 1)
389 2491 442 2523 Ad
474 2492 621 2524 verbum
655 2485 691 2524 οἷ
726 2501 799 2524 esse
835 2491 1017 2525 referenda
1060 2492 1221 2526 videntur
1257 2492 1363 2526 verba
1403 2502 1491 2534 quae
1529 2494 1612 2525 sunt

237 2543 420 2581 ἐλεύσεται
441 2547 487 2589 εἰς
513 2541 538 2582 ὁὶ
563 2549 696 2596 πρέπον
726 2545 813 2582 ἐστί.
845 2568 887 2573 -
