1716 3017
721 138 775 183 21

182 265 308 306 Duae
339 265 452 305 enim
500 264 554 305 ad
596 279 742 307 versus
789 266 842 307 de
879 265 1030 321 quibus
1065 265 1233 319 agimus
1264 268 1434 306 exstant

69 333 448 389 interpretationes,
508 331 701 374 Priorem
750 333 922 389 quidem
967 337 1159 388 spectare
1206 331 1261 373 ad
1302 332 1432 386 genit.

69 401 176 458 plur.
207 400 330 442 verbi
369 396 492 455 ἀοιδή
528 407 707 457 apparet
739 416 761 442 e
791 400 931 442 verbis
963 414 1073 456 quae
1105 404 1203 440 sunt
1234 398 1433 455 λήξουσιν

68 467 152 511 τῶν
181 464 335 510 ἀοιδῶν
363 468 449 510 τῶν
468 467 568 509 καθ’
596 465 725 523 ἡμῶν,
757 469 890 510 altera
918 473 1061 509 autem
1083 482 1180 508 cum
1209 466 1433 509 referenda

69 537 122 588 sit
167 534 222 577 ad
267 549 364 590 gen.
409 535 518 591 plur.
568 536 689 577 verbi
734 533 906 588 ἀοιδός,
956 536 1229 591 interpretem
1274 535 1431 590 legisse

67 617 240 645 necesse
261 607 323 644 est
342 599 508 647 ἀοιδῶν.
568 602 677 644 Nam
699 604 732 645 si
755 602 906 645 ἀοιδᾶν
926 604 1166 659 reperisset,
1199 603 1281 645 hoc
1297 603 1429 644 verbo

68 686 163 712 cum
195 676 420 726 cognosset
459 670 687 725 significari
727 672 932 724 carmina,
977 686 1064 712 non
1093 676 1257 727 poterat
1286 670 1430 712 Musas

66 744 263 796 poemata
299 738 553 794 intelligere.
613 739 877 781 Scholiorum
926 740 1051 795 igitur
1089 741 1319 781 auctoritas
1350 738 1430 781 hoc

65 807 159 849 loco
193 807 354 848 incerta
386 812 461 851 est,

176 874 230 916 V.
259 871 362 916 424:

235 939 386 984 ὤπασε
413 944 574 985 θέσπιν
599 936 748 983 ἀοιδάν

238 1013 390 1064 Φοῖβος
422 1042 430 1053 .
467 1043 476 1053 .
510 1040 519 1050 .
552 1042 562 1053 .

177 1101 424 1155 Hartungus
457 1100 631 1156 propius
664 1098 866 1140 accedere
906 1104 1022 1140 ratus
1066 1099 1245 1140 verbum
1281 1096 1428 1141 ὤπασε

63 1169 117 1211 ad
149 1169 382 1211 orationem
410 1167 663 1223 pedestrem,
683 1164 894 1219 ἔπνευσε,
928 1167 1043 1223 quod
1076 1166 1167 1208 solo
1201 1168 1244 1208 in
1277 1166 1427 1208 codice

63 1252 88 1278 a
119 1237 284 1292 legitur,
325 1234 656 1292 praeferendum
688 1249 780 1276 esse
810 1240 964 1279 censet.
1025 1235 1146 1287 Quae
1177 1250 1307 1277 causa
1337 1250 1426 1276 mu-

62 1304 179 1346 tandi
207 1303 426 1345 refellatur
457 1317 544 1344 non
593 1309 654 1344 est
693 1317 878 1355 necesse,
926 1303 995 1354 (cf.
1027 1303 1154 1344 Hom.
1188 1303 1270 1346 Od.
1303 1302 1424 1346 VIII.

61 1368 175 1424 498),
205 1371 455 1427 praesertim
485 1385 582 1412 cum
611 1369 790 1419 scholia,
821 1371 975 1426 quibus
1006 1372 1258 1428 plerumque
1290 1385 1426 1426 aequo

61 1439 264 1495 majorem
319 1439 612 1480 auctoritatem
657 1436 776 1481 Hart.
824 1439 1009 1481 tribuere
1055 1439 1187 1490 solet,
1246 1437 1425 1480 verbum

62 1504 212 1549 ὤπασε
241 1512 388 1562 aperte
413 1511 632 1550 testentur.

175 1574 227 1616 V.
258 1570 343 1617 425
369 1589 485 1630 sqq.:

594 1640 692 1684 ἐπεὶ
722 1640 796 1685 ἀντ
828 1667 882 1672 -

232 1707 354 1765 άχησ’
385 1707 437 1751 ἄν
466 1706 600 1763 ὕμνον

231 1772 420 1832 ἀρσένων
453 1781 585 1833 γέννᾳ.
619 1802 671 1808 -—

718 1839 865 1899 ὕμνον.

176 1899 296 1942 Libri
325 1895 576 1957 ἆντοῖχησαν.
637 1899 850 1956 Βῦμνοις,
883 1902 1010 1943 ceteri
1044 1896 1188 1956 ὕμνον.

177 2002 213 2042 Ε
241 2001 374 2044 tribus
403 2017 512 2058 quae
540 2005 584 2044 in
616 2004 787 2046 scholiis
810 2009 1001 2046 servatae
1030 2009 1130 2045 sunt
1155 2004 1305 2045 horum
1334 2018 1426 2045 ver-

63 2070 216 2112 borum
259 2070 613 2125 explicationibus
661 2078 849 2128 apparet,
899 2071 1000 2112 olim
1045 2073 1247 2128 scriptum
1297 2071 1427 2112 fuisse

63 2131 197 2191 ὕμνον
224 2143 265 2178 et
294 2134 420 2190 ὕμνοι
449 2144 576 2194 atque
597 2139 828 2181 haesitasse
850 2140 1112 2195 interpretes,
1142 2146 1283 2181 utrum
1303 2136 1427 2180 ἀντά-

63 2204 156 2260 χησ’
186 2201 239 2246 ἄν
267 2203 538 2246 scribendum
577 2212 686 2248 esset
715 2222 769 2248 an
803 2201 1056 2262 ἀντάχησαν.
1119 2207 1341 2263 Copiosius
1373 2205 1427 2248 de

66 2273 145 2313 hoc
176 2271 272 2313 loco
313 2271 513 2314 disseruit
541 2273 718 2315 Kirchh.
751 2274 863 2318 Med.
895 2290 936 2330 p.
966 2272 1035 2326 96,
1084 2277 1156 2330 qui
1183 2289 1286 2316 num
1313 2280 1426 2315 recte

64 2339 203 2381 varias
234 2339 330 2381 illas
360 2339 563 2383 lectiones
593 2342 637 2382 in
668 2341 933 2398 autographo
964 2343 1175 2384 exstitisse
1206 2348 1338 2398 putet,
1372 2356 1426 2383 ex

67 2407 127 2449 eis
160 2421 269 2462 quae
300 2422 427 2465 supra
442 2411 471 2462 ¹)
504 2409 814 2466 disputavimus
848 2409 1024 2452 dubium
1056 2425 1148 2452 esse
1178 2416 1367 2466 apparet.

159 2510 192 2553 1)
217 2510 254 2543 P.
278 2511 299 2543 8
323 2520 373 2553 sq.
