1716 3017
917 143 973 187 46

376 270 446 311 De
474 270 640 312 ratione
669 283 754 325 qua
782 273 927 310 natum
961 268 1014 309 sit
1042 265 1123 320 ἔφυ
1153 266 1251 308 vide
1282 266 1393 308 infra
1423 282 1464 322 p.
1486 263 1540 309 63
1561 281 1624 322 sq,

265 338 329 381 Cf.
362 337 498 381 Andr.
531 353 571 379 v.
601 334 696 389 181,
733 336 786 378 de
814 351 898 392 quo
931 335 1206 391 exposuimus
1240 349 1368 390 supra
1396 349 1438 390 p.
1471 331 1538 376 42.

376 405 427 447 V.
461 402 564 448 765:

430 479 633 529 κρεῖσσον
666 472 716 513 δὲ
742 474 858 513 νίκαν
887 466 945 527 μὴ
971 469 1203 519 κακόδοξαν
1233 469 1345 520 ἔχειν
1377 495 1430 500 —-

376 541 428 583 Gr.
460 541 607 584 Herm.
638 540 860 595 antiquum
896 540 1166 594 interpretem
1198 537 1354 592 legisse
1385 537 1625 593 suspicatur

262 614 461 664 κρεῖσσον
491 610 542 650 δέ
559 608 589 661 y’
609 599 767 663 ἧσσαν,
801 621 896 648 cum
917 606 1050 648 dicat:
1081 606 1248 660 βέλτιον
1279 606 1447 652 δικαίως
1475 603 1624 661 ἡττᾶσ-

261 680 341 719 θαι
373 674 486 732 ἤπερ
524 676 791 731 θαρροῦντας
831 677 1037 730 βασκανία
1080 674 1147 715 καὶ
1182 672 1358 727 δυνάμει
1393 673 1625 728 παραλύειν

262 741 310 786 τὸ
337 747 510 789 δίκαιον,
572 744 712 796 Quam
753 743 1035 798 suspicionem
1067 740 1219 782 falsam
1250 755 1342 782 esse
1373 740 1624 796 intelligitur

263 827 285 853 e
317 813 455 854 verbis
491 809 600 869 quae
633 810 881 852 Dindorfius
911 824 933 850 e
965 808 1058 853 cod.
1090 809 1128 849 A
1157 808 1339 851 addidit:
1371 809 1537 863 βέλτιον
1567 803 1626 864 μὴ

261 878 371 931 ἔχειν
401 882 517 936 νίκην
545 875 653 934 μετὰ
681 879 933 930 κακοδοξίας,
960 874 1053 919 ἀντὶ
1084 878 1159 919 τοῦ
1192 877 1278 920 κτλ.

375 948 427 991 V.
461 946 565 991 797:

432 1013 540 1058 οὕτω
572 1016 659 1070 μέγ’
691 1011 819 1068 ἀλγεῖ.

376 1085 497 1136 Quae
527 1084 661 1126 verba
705 1083 905 1137 leguntur
947 1087 988 1123 et
1030 1084 1074 1123 in
1109 1081 1305 1124 omnibus
1335 1080 1554 1122 codicibus
1585 1086 1624 1122 et

260 1155 304 1194 in
334 1153 532 1194 lemmate
561 1151 695 1195 schol.
733 1147 828 1192 814.
888 1150 1282 1206 Interpretationem
1332 1155 1469 1190 autem
1499 1163 1622 1202 μετα-

259 1221 448 1278 νοήσασα
468 1221 667 1263 λυπεῑται
697 1224 891 1274 apertum
914 1224 977 1259 est
996 1233 1081 1259 non
1104 1224 1296 1273 spectare
1317 1216 1372 1258 ad
1393 1217 1480 1270 μέγ’
1503 1212 1624 1269 ἀλγεῖ

261 1289 336 1332 sed
349 1289 403 1330 ad
416 1289 621 1343 μεταλγεῖ.
653 1286 779 1339 Quod
792 1286 967 1328 verbum
981 1285 1035 1328 ab
1048 1285 1255 1341 Euripide
1274 1285 1475 1340 scriptum
1496 1284 1625 1325 fuisse

253 1358 345 1414 jam
378 1357 596 1398 Nauckius
629 1353 837 1397 scholium
867 1354 1091 1409 negligens
1120 1353 1300 1408 conjecit
1321 1352 1441 1394 Stud.
1466 1352 1568 1396 Eur.
1589 1351 1622 1395 Ι.

258 1441 300 1481 p.
330 1422 426 1478 118,
478 1425 553 1467 ubi
593 1423 717 1466 simili
762 1423 924 1464 ratione
963 1420 1278 1463 emendandum
1323 1435 1416 1464 esse
1448 1425 1624 1462 conatur

259 1493 549 1535 demonstrare
578 1491 757 1534 Medeae
789 1505 959 1533 versum
989 1486 1086 1533 292.

371 1560 421 1605 V.
454 1558 556 1603 881:

427 1632 471 1671 τί
495 1629 666 1684 χρῆμα,·
696 1624 806 1682 πρὸς
835 1628 950 1668 θεῶν
976 1621 1002 1682 ἢ
1031 1628 1199 1681 βροτῶν
1228 1624 1408 1676 πάσχεις
1435 1623 1540 1666 κακά
1550 1642 1564 1672 ,-

369 1696 512 1741 Schol.
545 1693 628 1739 896
658 1695 791 1741 Dind,
823 1695 938 1751 quod
983 1694 1039 1736 ad
1083 1693 1195 1735 hunc
1224 1708 1395 1735 versum
1425 1693 1622 1748 pertinet,

256 1766 363 1808 falso
411 1764 592 1807 refertur
637 1764 693 1806 ad
737 1779 778 1807 v.
825 1760 921 1807 876.
993 1762 1193 1804 Ceterum
1240 1760 1473 1803 scholiasta
1518 1759 1623 1815 legit

254 1832 396 1887 κακόν,
437 1833 553 1890 quod
584 1847 671 1874 non
700 1838 813 1874 recte
845 1831 1067 1887 conjungit
1100 1844 1195 1871 cum
1224 1828 1356 1870 verbo
1388 1830 1544 1885 χρῆμα,
1576 1833 1622 1870 ut
1668 1846 1672 1849 ·

255 1907 432 1958 apparet
468 1916 522 1943 ex
566 1902 640 1952 eis,
683 1914 792 1956 quae
827 1898 1058 1955 respondet
1094 1898 1345 1941 Hermiona.
1404 1896 1494 1938 Nec
1532 1911 1619 1937 non

255 1970 364 2011 haec
390 1970 486 2025 ipsa
514 1969 775 2010 Hermionae
805 1967 940 2009 verba
971 1965 1220 2021 impediunt,
1261 1965 1488 2021 quominus
1519 1965 1622 2006 reci-

254 2039 421 2093 piamus
467 2036 576 2078 illud
610 2034 752 2087 κακόν,
800 2034 915 2091 quod
963 2033 1119 2088 legitur
1162 2040 1203 2074 et
1232 2033 1275 2074 in
1308 2032 1470 2074 scholio
1504 2038 1543 2073 et
1574 2032 1617 2072 in

254 2105 375 2147 codd.
409 2104 600 2147 BEabcd
629 2119 708 2161 pro
738 2101 856 2156 κακά,
887 2101 1001 2158 quod
1031 2107 1093 2143 est
1126 2101 1169 2142 in
1202 2100 1323 2143 codd.
1356 2099 1488 2143 ABG.
1520 2125 1572 2130 -

367 2172 420 2216 V.
450 2169 557 2215 909:

428 2239 518 2287 πῶς
549 2230 623 2281 οὖν
652 2237 755 2292 τάδ’,
786 2236 841 2284 ὥς
874 2237 991 2280 εἴποι
1021 2251 1092 2290 τις,
1121 2234 1425 2294 ἕξημάρτανες;

368 2308 507 2360 Quem
527 2321 700 2350 versum
720 2307 764 2347 in
796 2305 993 2348 omnibus
1015 2304 1234 2347 codicibus
1255 2304 1456 2346 tributum
1478 2302 1620 2345 Oresti

253 2377 434 2419 restituit
478 2375 740 2417 Hermionae
789 2374 1066 2428 Lentingius,
1115 2373 1408 2414 auctoritatem
1451 2377 1618 2413 secutus

252 2445 504 2500 interpretis,
549 2444 623 2500 qui
670 2458 840 2485 versum
873 2441 1060 2499 explicat
1099 2443 1217 2484 hisce
1245 2439 1409 2482 verbis:
1463 2433 1551 2481 ἀλλ’
1581 2437 1622 2480 εἰ

252 2511 478 2571 ἐρωτήσειε
503 2527 566 2559 τις
597 2512 686 2559 πῶς
713 2511 842 2555 ταῦτα
873 2508 1173 2568 ἕξημάρτανες,
1203 2509 1292 2555 πῶς
1322 2503 1374 2552 ἂν
1404 2507 1617 2564 διηγήσαι-
