1716 3017
698 153 822 198 19'

49 281 213 337 possint
243 279 567 323 accommodari.
626 279 775 335 Neque
823 277 1123 321 offendendum
1170 282 1232 318 est
1273 276 1315 317 in
1347 290 1409 328 eo,

51 348 164 404 quod
208 347 331 389 verbi
374 345 617 403 συνδικὴσει
650 348 879 404 explicatio
928 360 1076 402 parum
1107 349 1305 386 accurata
1335 349 1411 397 est,

51 416 250 472 quoniam
275 413 378 456 talia
414 414 584 469 saepius
619 415 919 465 commiserunt
951 414 1115 469 antiqui
1146 414 1411 467 interpretes,

49 488 97 525 ut
125 488 304 538 apparet
334 497 356 523 e
388 480 563 535 scholio,
592 482 705 538 quod
734 482 930 538 proxime
966 480 1191 529 antecedit,
1234 479 1308 520 ubi
1340 494 1412 520 ex-

51 549 217 606 plicatis
248 548 390 591 verbis
421 563 529 604 quae
555 552 667 605 gsunt
704 551 840 606 μηδὲν
881 548 981 591 τόδε
1018 548 1167 590 λίσσου
1201 547 1413 603 pergiturl:

53 616 93 660 εἰ
118 617 164 659 δὲ
195 614 217 659 ὁ
251 615 327 663 σὸς
372 613 476 673 ἀνὴρ
514 616 702 673 ἠθέτησε
743 616 838 665 τοὺς
876 614 1040 671 ὅρκους,
1087 614 1230 671 ἐκείνῳ
1264 616 1414 657 λίσσου

51 686 177 727 τοῦτο
195 686 408 737 γενέσθαι,
438 683 634 739 δηλονότι
653 683 702 726 τὸ
720 683 1038 748 κεραυνωθῆναι
1064 684 1133 724 καὶ
1161 680 1414 725 ἀποθανεῖν.

52 751 234 794 Videtur
262 757 311 793 ut
338 751 443 793 haec
473 752 649 793 adderet
675 753 882 809 interpres
913 751 1122 793 adductus
1153 765 1244 792 esse
1273 749 1416 791 verbis

54 818 94 861 εἰ
123 819 173 861 δὲ
203 817 280 866 σὸς
325 819 454 866 πόσις
487 815 610 861 καινὰ
657 819 754 875 λέχη
794 822 951 875 σεβίζει
997 819 1151 860 cursim
1199 818 1418 874 inspectis,

54 886 260 941 neglectis
291 888 352 928 eis
384 902 493 943 quae
526 893 773 943 sequuntur,
817 887 940 943 κεινῷ
967 885 1070 928 τόδε
1097 884 1155 942 μὴ
1186 884 1417 941 χαράσσου.

53 954 164 996 Nam
194 955 368 996 minime
393 961 556 996 certum
583 969 675 995 esse
718 956 969 1009 putaverim,
1024 968 1119 995 eum
1164 953 1417 1010 particulam

55 1028 293 1077 negantem,
327 1037 455 1078 quam
486 1023 649 1064 invenit
678 1028 825 1064 auctor
845 1021 994 1064 scholii
1013 1019 1107 1075 156,
1139 1037 1226 1064 non
1248 1023 1417 1078 legisse,

57 1104 166 1146 quae
198 1096 262 1132 est
293 1090 505 1145 Hartungi
533 1090 692 1145 opinio.

168 1169 228 1210 At
255 1183 352 1210 cum
373 1170 505 1225 possit
537 1175 650 1211 certe
672 1168 725 1209 de
746 1168 824 1210 hac
846 1184 892 1211 re
913 1169 1110 1222 dubitari,
1144 1169 1420 1212 manifestum

59 1242 133 1286 est,
173 1251 260 1278 non
289 1251 381 1278 esse
412 1237 681 1291 cogitandum
713 1236 766 1277 de
797 1239 915 1279 varia
946 1237 1127 1279 lectione
1157 1237 1289 1283 schol,
1323 1235 1420 1288 599,

58 1304 132 1346 ubi
161 1318 271 1360 quae
303 1304 408 1346 dicit
438 1305 615 1348 Medea:

228 1371 287 1428 μή
317 1387 393 1425 μοι
420 1378 581 1426 γένοιτο
613 1373 778 1429 λυπρὸς
810 1369 1021 1426 εὐδαίμων
1046 1377 1148 1428 βίος,

227 1441 324 1496 μηδ’
358 1438 482 1495 ὄλβος
513 1438 627 1488 ὅστις
651 1440 729 1499 την
758 1439 864 1496 ἐμὴν
892 1441 1016 1489 κνίζοι
1046 1446 1181 1497 φρένα
1214 1467 1264 1473 —-—

60 1507 330 1550 illustrantur
377 1508 494 1550 hisce
543 1509 706 1551 verbis:
767 1508 842 1551 οὐκ
893 1504 964 1560 ἂν,
1015 1511 1165 1565 φησὶν,
1223 1508 1426 1567 εὐξαίμην

59 1575 259 1632 τοιαύτην
308 1591 385 1630 μοι
430 1571 701 1630 εὐδαιμονίαν
748 1580 950 1630 γενέσθαι
997 1574 1052 1618 δι’
1097 1568 1145 1634 ἧς
1191 1573 1244 1620 ἂν
1293 1576 1429 1633 ἕτεροι

60 1644 307 1700 λνπηθεῖεν,
336 1640 532 1699 καθάπερ
562 1645 630 1686 καὶ
660 1643 683 1686 ὁ
711 1643 787 1692 σός
816 1645 894 1687 νῦν
924 1642 1048 1699 ὄλβος
1074 1643 1151 1701 τὴν
1180 1642 1286 1701 ἐμὴν
1305 1647 1436 1688 λυπεῖ

62 1716 209 1766 φρένα.
269 1711 391 1762 Quae
435 1711 592 1753 deinde
631 1714 823 1769 sequitur
858 1714 1152 1768 interpretatio
1190 1720 1305 1755 recta
1345 1720 1429 1755 est:

64 1778 200 1820 falsae
245 1793 374 1836 quam
420 1779 636 1821 attulimus
670 1786 885 1821 auctorem
918 1795 1080 1822 errasse
1119 1786 1204 1822 tam
1237 1788 1431 1837 apertum

66 1852 139 1897 est,
179 1852 232 1888 ut
261 1861 386 1889 nemo
425 1847 506 1889 hoc
545 1847 717 1903 quidem
749 1847 842 1889 loco
874 1848 928 1890 de
957 1849 1077 1890 varia
1105 1847 1285 1891 lectione
1320 1851 1433 1904 cogi-

65 1914 256 1959 taverit.‘

180 1982 266 2025 Sed
295 1988 342 2024 ut
371 1982 594 2024 redeamus
625 1982 725 2024 illuc
756 1983 870 2024 unde
903 1982 1169 2036 defleximus,
1203 1984 1430 2039 probanda

69 2057 131 2093 est
157 2051 402 2107 conjectura
419 2049 614 2103 Nauckii‚
648 2051 720 2106 qui
746 2065 822 2106 pro
843 2049 955 2098 Ζεύς
977 2063 1043 2093 σοι
1063 2049 1166 2093 τόδε
1192 2050 1436 2109 συνδικήσει

70 2118 196 2161 scribi
222 2118 335 2160 vult:
363 2117 474 2164 Ζεύς
505 2130 574 2160 σοι
606 2117 796 2164 σύνδικος
827 2118 958 2161 ἔσται.
993 2119 1059 2161 Cf.
1093 2119 1296 2164 Schenkl.
1326 2120 1435 2163 Nov.

71 2185 229 2228 Annal.
259 2185 408 2242 philol.
441 2191 484 2227 et
513 2186 697 2242 paedag.
728 2186 813 2228 vol.
841 2184 897 2230 85
927 2201 968 2242 p.
999 2183 1095 2232 826.

183 2309 237 2354 V.
267 2304 352 2351 305
380 2325 461 2367 sq.:

245 2377 355 2434 σοφὴ
384 2376 460 2434 γὰρ
492 2372 599 2420 οῧσα
626 2384 715 2425 τοῖς
746 2383 825 2432 μέν
856 2377 938 2433 εἶμ’
967 2378 1204 2436 ἐπίφθονος

243 2451 330 2493 τοῖς
361 2446 399 2488 δ’
432 2437 482 2488 αὖ
508 2445 766 2503 προσάντης·
802 2446 890 2501 εἰμὶ
919 2443 1034 2490 δὀὐκ
1064 2445 1169 2502 ἄγαν
1200 2449 1324 2506 σοφή.

192 2513 335 2559 Schol.
362 2512 458 2560 305.
488 2515 752 2571 προσάντηςε
800 2513 967 2559 ἐναντία
1007 2515 1094 2569 εἰμὶ
1127 2522 1214 2564 τοῖς
1242 2513 1442 2560 ἀπαιδεύ-

1196 2595 1240 2631 2*
