1716 3017
944 152 1000 196 42

459 341 699 397 ἐπίφθονόν
728 360 768 386 τι
797 344 939 399 χρῆμα
967 345 1153 401 θηλειῶν
1182 344 1274 401 ἔφυ.

403 412 593 463 Quorum
621 411 862 465 verborum,
893 428 1002 468 quae
1022 412 1220 467 leguntur
1243 415 1283 455 in
1306 414 1502 456 omnibus
1536 416 1645 457 codi-

288 479 421 531 cibus,
467 478 560 520 loco
610 478 709 520 olim
749 481 949 535 scriptum
981 479 1112 522 fuisse
1144 515 1153 525 .
1187 516 1196 525 .
1232 515 1240 523 .
1271 482 1445 537 θηλείας
1475 484 1647 538 φρενός,

287 545 539 600 intelligitur
566 560 619 588 ex
651 546 767 591 Stob.
796 547 887 590 flor.
918 548 1124 589 LXXIII.
1155 546 1220 592 48.
1255 555 1282 590 1;.
1305 549 1380 593 III.
1412 565 1452 605 p.
1475 549 1542 596 46.
1577 550 1648 592 Ad

289 613 467 655 eandem
490 615 743 670 scripturam
762 615 986 657 referenda
1006 622 1102 658 sunt
1122 616 1252 658 verba
1273 617 1442 658 scholii:
1474 619 1649 674 θηλείας

287 678 443 735 φρενός
464 679 556 723 ἀντὶ
584 683 661 724 τοῦ
690 681 844 738 θήλεια
871 682 998 740 φρήν.
1026 684 1244 740 φθονερόν
1267 700 1308 726 τι
1328 689 1444 738 γένος
1464 682 1489 742 ἡ
1510 701 1649 738 γυναι-

285 752 376 791 κεία
422 747 544 805 φρήν.
593 745 698 791 ἀλλὰ
741 752 883 805 χρῆμα
925 753 998 806 τῆς
1042 752 1218 807 θηλείας
1259 752 1302 804 (l.
1345 749 1466 795 ἄλλοι
1509 752 1555 795 δὲ
1585 768 1648 809 γρ.
1713 790 1716 791 ⁷

284 817 427 872 χρῆμα
456 818 642 872 θηλειῶν
672 817 751 873 ἔφυ
782 818 987 870 Kirchh.).
1048 819 1190 860 Verba
1221 819 1394 861 Stobaei
1423 826 1464 862 et
1491 820 1647 862 scholii

287 885 377 925 sine
420 884 510 926 ulla
545 885 808 927 dubitatione
852 901 944 928 esse
990 887 1271 942 praeferenda
1305 887 1408 928 mihi
1441 889 1650 944 persuasit

284 951 501 993 Nauckius
532 954 560 993 ].
590 968 625 997 a.
657 969 698 1008 p.
719 951 787 995 94.
847 954 915 996 De
942 956 1106 996 ratione
1137 968 1221 1010 qua
1251 961 1351 996 nata
1379 957 1429 997 sit
1452 955 1647 997 codicum

284 1021 493 1076 scriptura
524 1036 562 1063 v.
594 1021 704 1063 infra
733 1036 774 1078 p.
802 1018 856 1064 63
889 1037 950 1078 sq.
1012 1021 1076 1067 Cf.
1108 1021 1243 1066 Andr.
1275 1038 1315 1064 v.
1351 1021 1445 1075 717,
1477 1023 1529 1065 de
1565 1037 1647 1080 quo

284 1103 323 1129 v.
354 1087 463 1129 infra
493 1104 534 1144 p.
567 1086 635 1131 45.

454 1224 493 1266 οἱ
525 1222 602 1279 γὰρ
631 1228 830 1272 πνέοντες
855 1226 1014 1279 μεγάλα
1043 1222 1140 1272 τοὺς
1171 1228 1392 1280 κρείσσους
1417 1224 1566 1280 λόγους

453 1295 613 1348 πικρῶς
645 1297 827 1348 φέρουσι
858 1294 941 1335 τῶν
972 1291 1212 1336 ἐλασσόνων
1238 1290 1337 1338 ἵπο.

398 1360 671 1402 Hermannus
717 1358 803 1403 ἄπο
850 1361 1005 1416 legisse
1039 1362 1210 1417 conjicit
1254 1362 1474 1418 antiquum
1521 1363 1648 1404 inter⁴

282 1436 455 1483 pretem‚
502 1430 574 1484 qui
616 1429 756 1471 locum
795 1429 981 1485 explicat
1017 1429 1134 1471 hisce
1162 1429 1324 1471 verbis:
1370 1429 1413 1472 οἱ
1440 1428 1515 1485 γὰρ
1544 1433 1648 1483 μέγα

281 1496 539 1551 φρονοῦντες
567 1501 725 1551 βαρέως
744 1501 946 1552 φέρουσιν
973 1495 1046 1539 ἐπὶ
1071 1499 1129 1553 τῷ
1151 1496 1270 1552 παρὰ
1293 1497 1376 1540 τῶν
1405 1496 1647 1540 ἐλασσόνων

283 1565 565 1618 δικαιοτέρους
595 1564 746 1617 λόγους
777 1562 941 1607 ἀκούειν
971 1566 1039 1606 καὶ
1068 1563 1331 1618 ἐλέγχεσθαι.

395 1632 608 1687 Equidem
645 1646 723 1686 ego
768 1631 906 1673 facere
954 1647 1040 1674 non
1073 1647 1261 1688 possum,
1307 1634 1408 1689 quin
1440 1631 1647 1688 astipuler

282 1699 470 1752 Klotzio,
506 1700 579 1755 qui
609 1714 663 1741 ex
697 1713 760 1752 eo,
794 1700 908 1756 quod
942 1700 1156 1741 adduntur
1188 1700 1484 1756 explicationis
1517 1715 1646 1742 causa

284 1767 410 1808 verba
437 1766 602 1809 ἀκούειν
632 1768 700 1808 καὶ
732 1766 994 1821 ἐλέγχεσθαι,
1031 1767 1142 1809 effici
1174 1775 1329 1822 censet,
1371 1775 1467 1810 ante
1500 1767 1645 1810 oculos

282 1835 403 1877 illum
434 1835 635 1877 habuisse
662 1832 760 1887 ὕπο,
792 1835 906 1891 quod
938 1842 1000 1877 est
1029 1836 1072 1876 in
1106 1836 1341 1878 codicibus.
1378 1862 1425 1866 —

395 1902 445 1944 V.
478 1899 574 1946 269.
604 1900 679 1945 70:

757 1968 902 2013 δεινὸν
935 1972 971 2013 δ’
1003 1971 1196 2025 ἑρπετῶν
1224 1970 1302 2025 μὲν
1333 1968 1484 2026 ἀγρίων

449 2035 528 2093 ἄκη
557 2041 748 2093 βροτοῖσι
779 2039 895 2080 θεῶν
927 2037 1232 2095 ἐγκαταστῆσαί
1257 2054 1363 2081 τινα.
1386 2063 1442 2069 -
1664 2092 1674 2095 p

392 2106 443 2148 In
476 2105 608 2147 verbo
646 2104 969 2163 ἐγκαταστῆσαι,
1019 2106 1134 2162 quod
1178 2105 1334 2161 legitur
1371 2107 1416 2147 in
1447 2106 1644 2149 omnibus

281 2173 511 2225 codicibus,
557 2188 722 2215 summo
763 2175 859 2230 jure
900 2174 1090 2216 homines
1131 2173 1244 2216 docti
1274 2174 1542 2216 offenderunt
1573 2174 1645 2226 (cf.

280 2248 421 2285 annot,
452 2237 633 2301 Herm.).
691 2240 789 2283 Jam
813 2241 1082 2298 Musgravius
1115 2241 1388 2284 scribendum
1421 2257 1513 2284 esse
1546 2257 1644 2284 con-

273 2310 377 2366 jecit
408 2309 680 2365 καταστῆσαι.
743 2308 823 2351 Cui
850 2311 1128 2366 conjecturae,
1160 2310 1432 2352 confirmatae
1463 2310 1524 2351 illi
1556 2310 1644 2366 qui-

280 2377 377 2418 dem
424 2377 666 2419 testimonio
713 2376 887 2419 Stobaei
929 2377 969 2421 fi,
1019 2377 1225 2419 LXXIII.
1272 2375 1339 2420 19,
1384 2377 1464 2421 ΙΙΙ,
1507 2392 1548 2433 p.
1577 2374 1644 2428 46,

280 2445 506 2486 auctoritas
555 2443 767 2500 quaedam
813 2445 1065 2488 conciliatur
1107 2461 1129 2488 e
1169 2445 1301 2488 schol.
1330 2441 1426 2499 269,
1473 2445 1547 2486 ubi
1577 2445 1643 2487 bis

278 2512 432 2567 legitur
462 2511 641 2554 verbum
662 2513 933 2570 καταστῆσαι,
963 2528 1046 2569 quo
1078 2514 1132 2556 ad
1161 2513 1527 2572 interpretandum
1554 2527 1644 2555 ver-
