1716 3017
911 143 965 191 5<ss

257 277 347 317 veri
381 291 467 317 non
497 282 558 316 est
588 275 801 326 dissimile,
844 291 935 318 eam
965 278 1248 331 excogitatam
1280 292 1372 318 esse
1402 278 1457 318 ad
1485 292 1619 319 remo-

256 344 441 384 vendam
469 343 697 385 verborum
726 348 904 397 χαιρέτω
932 343 1198 398 βουλεύματα
1228 344 1316 400 (vv,
1346 342 1468 388 1031.
1491 342 1639 401 1035)-

256 412 565 467 repetitionem,
600 425 709 466 quae
744 426 870 467 quam
901 418 1000 467 apta
1031 412 1085 453 sit
1118 427 1311 453 summae
1347 413 1477 454 animi
1509 427 1620 454 com·
1659 467 1662 470 ἢ

257 479 455 532 motioni,
502 493 586 534 qua
631 478 862 520 detestatur
891 479 1043 521 Medea
1080 495 1230 522 necem
1260 479 1460 534 filiorum,
1505 495 1621 522 nunc

256 545 429 601 quidem
461 560 586 587 nemo
618 562 704 588 non
734 546 942 602 intelligit.
978 572 1027 578 —-

368 632 497 676 Med,
531 648 572 674 v.
602 630 735 675 1201:
787 631 1065 690 ἐξαναστῆσαι
1094 637 1233 689 δέμας.
1281 634 1426 677 Schol.
1450 630 1561 677 1212
1580 649 1618 676 a.

255 702 403 754 δέμαςε
440 716 500 755 γρ.
532 697 650 742 πόδα
679 697 705 756 ἢ
735 699 850 753 γόνυ.
882 728 934 732 -

369 769 496 821 Quod
541 769 613 824 qui
653 769 847 825 ascripsit
894 769 1073 811 fortasse
1127 770 1302 811 offendit
1347 771 1392 810 in
1440 770 1618 824 repetito
1673 767 1684 775 ”

255 836 385 878 verbo
417 837 543 890 δέμας
574 837 632 892 (v.
667 833 800 891 1195,
831 832 983 892 1201),
1017 837 1059 878 id
1090 837 1204 893 quod
1235 838 1335 879 inde
1376 836 1618 888 concludas,
1660 867 1664 870 .

255 960 370 1016 quod
399 976 440 1002 v.
469 958 581 1004 1204
611 963 655 1002 in
687 961 836 1003 eodem
868 961 1016 1004 codice
1047 962 1203 1017 legitur
1235 907 1455 1015 ζΞνιῗει-ιὲς

366 1040 528 1084 Andr.
560 1056 601 1082 V.
632 1038 700 1083 58.
733 1040 868 1082 Codd.
902 1038 981 1083 τὸν
1014 1040 1103 1083 σόν.
1166 1040 1306 1086 Schol.
1349 1056 1410 1096 γρ.
1448 1036 1498 1082 τὸ
1530 1040 1618 1083 σὸν.

254 1108 394 1160 Quam
428 1108 620 1150 lectionis
666 1109 918 1150 varietatem
950 1116 1095 1151 natam
1138 1124 1230 1151 esse
1257 1110 1472 1166 conjicias,
1520 1108 1621 1164 quia

253 1191 477 1232 perperam
522 1191 758 1232 pronomen
789 1192 970 1233 possess,
1016 1177 1132 1234 quod
1175 1182 1238 1218 est
1268 1176 1348 1219 σόν
1392 1176 1620 1218 referretur

252 1244 308 1286 ad
339 1242 537 1297 τοῦνομα,
568 1259 665 1285 cum
697 1250 856 1300 spectet
886 1245 941 1286 ad
973 1240 1098 1288 οἷκον.
1132 1270 1186 1274 -

366 1323 527 1368 Andr.
559 1321 625 1367 89.
671 1323 767 1367 ἐπεί
807 1340 873 1366 τοι
919 1322 992 1366 κού
1034 1325 1320 1380 περίβλεπτος
1349 1325 1440 1379 βίος
1470 1323 1619 1379 δούλης

252 1390 459 1446 γυναικός,
501 1415 552 1422 -ν
596 1392 759 1434 Schol:
798 1392 884 1434 κατ’
916 1390 1051 1439 ἐνίους
1085 1393 1133 1435 δὲ
1165 1390 1369 1448 γράφεται
1395 1393 1463 1434 καὶ
1491 1393 1620 1448 χωρὶς

252 1464 327 1503 τοῦ
357 1455 404 1501 οὗ
433 1460 527 1512 »καὶ
554 1462 883 1517 περίβλεπι·ος“,
922 1457 1031 1502 ὥστε
1069 1459 1114 1503 ἐν
1152 1460 1344 1516 εἰρωνεία
1372 1456 1618 1503 τούναντίον

250 1529 464 1582 λέγεσθαι.
524 1530 713 1572 Ironiam
743 1544 845 1573 vero
878 1528 932 1570 ab
977 1529 1058 1570 1100
1091 1528 1184 1571 1000
1214 1543 1388 1584 prorsus
1433 1528 1619 1570 alienam

251 1612 342 1640 esse
372 1603 499 1654 patet.

364 1685 416 1730 V.
448 1681 554 1728 501:
608 1686 727 1740 κείσῃ
767 1682 841 1739 δή,
888 1686 1037 1726 τέκνον
1076 1683 1162 1728 κτλ.
1231 1684 1350 1725 Libri
1388 1684 1491 1726 κεῖσ’
1525 1680 1617 1739 ἤδη,

252 1753 394 1797 501101.
424 1750 521 1797 510.
556 1753 649 1794 eod.
680 1768 717 1796 a.
759 1767 818 1807 γρ.
849 1756 963 1794 κεῖσο
997 1751 1064 1808 δὴ.
1125 1750 1268 1793 Sohol.
1297 1751 1338 1795 A
1378 1752 1483 1794 κεῖσ’
1510 1748 1617 1807 ἥδη.-

250 1823 373 1874 διχῶς
403 1821 575 1864 δύναται
604 1824 812 1873 νοεῖσθαι,
841 1825 959 1862 κεῖσο
991 1818 1044 1876 δή
1073 1820 1142 1862 καὶ
1168 1820 1272 1862 κεῖσ’
1305 1817 1400 1877 ἤδη.
1433 1844 1484 1853 —

362 1890 646 1946 Imperativus
670 1889 772 1945 quin
805 1888 857 1930 ab
889 1888 968 1930 hoc
999 1888 1092 1929 1000
1118 1887 1344 1930 abhorreat
1364 1904 1450 1930 non
1479 1894 1619 1945 potest

251 1973 343 2001 esse
374 1958 573 2010 dubium3
621 1956 893 1998 scribendum
941 1963 1002 1998 est
1032 1959 1151 2012 κείσῃ
1182 1954 1234 2012 δή
1278 1955 1347 1998 vel
1385 1959 1516 2000 κείσει
1550 1955 1616 2013 δή,

249 2027 467 2068 Lectionis
499 2026 683 2068 varietas
714 2025 771 2065 ita
800 2029 899 2065 nata
931 2030 1007 2077 est,
1039 2030 1098 2077 ut,
1141 2038 1237 2065 eum
1270 2025 1473 2080 scriptum
1507 2032 1619 2067 esset

249 2096 444 2151 κεισηδη,
498 2094 630 2135 literis
679 2092 785 2134 falso
833 2091 1042 2134 distinctis
1087 2092 1342 2135 scriberetur
1387 2094 1488 2135 κεῖσ’
1521 2091 1615 2149 ἤδη,

247 2163 344 2206 Jam
377 2163 578 2218 conjicias
608 2161 794 2217 aliquem
827 2160 909 2202 1100
930 2160 1096 2216 plenius
1119 2162 1336 2217 scripsisse
1366 2166 1485 2203 κεῖσο
1519 2158 1616 2218 ἤδη,

250 2231 367 2288 quod
398 2230 574 2280 deinde,
619 2230 717 2285 quia
746 2243 842 2271 cum
873 2235 1006 2271 metro
1038 2244 1123 2272 non
1152 2230 1363 2281 convenit,
1408 2234 1616 2271 mutatum

248 2305 311 2342 est
341 2300 385 2341 in
417 2304 535 2341 κεῖσο
568 2296 633 2353 δή.
665 2324 716 2328 -

363 2386 416 2431 V.
449 2383 554 2429 555:
608 2383 662 2441 ἣν
708 2380 757 2426 σύ
804 2382 1061 2440 θαυμαστὴν
1117 2387 1264 2439 σέβεις.
1333 2383 1475 2429 schol.
1518 2381 1614 2430 566.

252 2455 342 2500 cod.
372 2456 408 2497 B
452 2470 514 2510 γρ.
559 2451 681 2507 ἄγεις,
727 2449 820 2495 ἀντὶ
862 2453 935 2496 τοῦ
978 2448 1230 2508 θαυμαστὴν
1274 2451 1379 2509 ἡγῇ,
1423 2456 1616 2495 τουτέστι

250 2523 485 2578 θαυμάζων
515 2522 736 2575 διατελεῖς,
765 2522 1003 2577 μακαρίζων
1035 2517 1102 2564 ἐπ’
1131 2517 1235 2577 αὐτῇ
1265 2521 1460 2564 σεαυτάν.
1506 2560 1508 2563 .
