1716 3017
896 148 953 195 52

354 272 537 315 Schol.
568 273 732 315 Andr.
776 271 873 318 360.
917 276 1275 330 προστιθεϊσ’
1309 273 1604 320 ἀπαιδίαν.-

239 339 363 381 codd.
393 341 485 395 Aa„
531 342 575 382 in
602 341 756 398 quibus
786 344 830 384 in
859 344 952 400 ipsa
985 345 1175 386 oratione
1207 344 1363 400 legitur
1391 340 1606 399 ἀβουλίαν.

239 405 305 452 Of.
332 422 374 463 p.
405 405 471 453 10.
501 435 556 440 -—
1282 407 1285 408 ⁷

355 474 527 520 Schol.
559 478 724 519 Andr.
755 475 859 521 772:
886 484 1393 535 κηρυσσομένοισιε
1436 495 1532 522 cum
1562 481 1603 522 in

238 543 436 586 omnibus
461 545 682 587 codicibus
704 545 872 601 legatur
890 551 1229 603 κηρυσσομένων,
1262 555 1430 603 praeter
1453 548 1546 590 cod.
1568 548 1605 589 F.

237 611 281 652 in
311 627 393 667 quo
421 618 484 654 est
512 618 856 669 κηρυσσομένοις.
915 613 1150 656 Confirmat
1177 616 1305 671 igitur
1336 616 1491 658 lemma
1507 630 1605 657 con-

227 680 442 735 jecturam
457 680 507 726 L,
526 680 753 733 Dindorfii,
783 682 856 737 qui
874 686 1228 738 κηρυσσομένοισι
1248 683 1374 724 scribi
1391 683 1605 728 voluit.-

350 747 702 792 Schol.Andr.
726 746 849 791 1133.
874 749 1185 802 μεσάγκυλ’,·
1215 751 1307 796 cod.
1326 752 1376 805 B,
1399 752 1471 807 qui
1492 753 1604 793 inter

234 821 387 871 poetae
441 816 574 858 verba
624 817 798 859 exhibet
854 817 1003 858 falsam
1054 818 1279 861 lectionem
1334 817 1601 872 μεσάγκυλοι.

348 883 611 940 Plerumque
642 891 781 926 autem
825 885 1196 941 interpretationes
1226 888 1284 928 ita
1312 894 1410 929 sunt
1436 902 1603 942 compa-

233 958 365 1002 ratae,
399 959 442 994 ut
472 957 613 994 utrum
644 954 912 995 consentiant
956 967 1051 995 cum
1080 954 1290 996 lemmatis
1329 969 1477 1008 necne,
1518 969 1602 996 non

234 1022 369 1076 possit
404 1021 600 1064 discerni.

348 1087 529 1131 Schol,
563 1089 726 1133 Andr.
766 1086 851 1132 240
890 1091 931 1131 in
966 1090 1089 1131 codd.
1121 1091 1226 1131 ABa
1269 1090 1507 1146 praefixum
1540 1095 1603 1131 est

234 1156 392 1198 lemma
425 1152 499 1198 οὐκ
530 1148 581 1198 αὖ
613 1157 771 1213 σιωπῇ,
803 1172 1061 1214 quamquam
1093 1159 1203 1200 inter
1223 1165 1375 1214 poetae
1405 1157 1536 1200 verba
1559 1158 1601 1199 in

232 1224 356 1266 codd.
387 1226 450 1267 Ba
481 1225 638 1280 legitur
668 1220 741 1267 οὐκ
771 1223 834 1277 ἄν,
871 1226 986 1281 quod
1015 1225 1171 1267 falsum
1205 1231 1279 1270 est.

346 1292 526 1335 Schol.
560 1293 717 1334 Andr.
739 1290 835 1337 521.
862 1295 1084 1336 λείπειν
1112 1292 1351 1350 ἕχθρῶνε
1380 1294 1503 1339 codd.
1520 1295 1599 1348 Aa,

232 1362 274 1401 in
310 1360 465 1416 quibus
512 1362 556 1402 in
601 1364 792 1403 oratione
833 1368 1030 1404 contexta
1068 1362 1225 1417 legitur
1269 1363 1435 1414 λιπεῖν,
1484 1362 1600 1419 quod

230 1429 385 1470 falsum
419 1436 493 1470 est.
527 1433 583 1481 (v.
612 1427 697 1472 510
726 1430 803 1484 K.)

346 1497 525 1542 Schol.
560 1498 723 1539 Andr.
759 1495 842 1541 935
868 1496 967 1551 (915
997 1499 1057 1554 Κ)
1102 1500 1146 1539 in
1174 1498 1298 1540 codd.
1331 1498 1409 1540 BA
1441 1498 1600 1541 lemma

231 1567 523 1621 praepositum
572 1573 633 1607 est
670 1567 883 1621 βλέπουῶ,
928 1582 1025 1608 cum
1069 1568 1111 1608 in
1139 1566 1373 1608 eorundem
1406 1567 1598 1609 codicum

230 1640 363 1687 textu,
397 1636 471 1690 qui
494 1634 658 1684 dicitur,
693 1649 918 1691 perperam
950 1636 1156 1690 scriptum
1189 1636 1240 1682 sit
1269 1635 1528 1688 βλέπουσαν.
1543 1661 1597 1665 -—

345 1702 526 1744 Schol.
561 1702 717 1746 Andr.
749 1699 870 1746 1136.
920 1704 963 1743 in
993 1702 1086 1747 cod.
1119 1702 1156 1743 A
1195 1705 1504 1759 praescriptum
1536 1709 1598 1746 est

229 1770 387 1812 lemma
430 1772 614 1825 βέλεμνα
643 1768 812 1817 παιδός.
873 1771 924 1812 In
964 1770 1114 1812 eodem
1153 1770 1302 1813 codice
1333 1772 1375 1812 in
1407 1772 1598 1813 oratione

228 1845 426 1880 contexta
459 1845 597 1880 exstat
628 1839 737 1880 falsa
768 1838 888 1880 lectio
919 1836 1064 1885 ποδός.
1098 1866 1152 1870 ---

342 1906 523 1949 Schol.
557 1907 720 1948 Andr.
751 1904 835 1949 492
866 1907 981 1963 quod
1002 1908 1293 1963 praepositum
1326 1913 1390 1949 est
1419 1906 1594 1949 lemma:

227 1974 289 2018 ἔτι
320 1986 403 2028 σοι,
440 1975 592 2030 legitur
611 1977 655 2016 in
687 1975 870 2016 editione
894 1989 1064 2031 quoque
1087 1975 1257 2019 Aldina.
1319 1975 1494 2016 Kirchh.
1516 1975 1595 2018 hoc

227 2043 328 2085 dicit
371 2058 457 2084 non
492 2042 628 2084 videri
660 2058 751 2084 esse
789 2044 830 2083 in
860 2044 904 2083 B
930 2058 1067 2099 neque
1112 2044 1153 2084 in
1201 2042 1282 2084 alio
1314 2043 1454 2084 adhuc
1484 2043 1593 2085 libro

226 2112 447 2153 inventum
481 2126 584 2155 esse.
645 2111 681 2152 E
704 2111 901 2153 lemmate
923 2117 1114 2167 apparet,
1146 2126 1294 2153 revera
1322 2111 1430 2154 hanc
1452 2112 1592 2154 lectio-

225 2193 322 2219 nem
355 2179 455 2220 olim
488 2181 711 2231 exstitisse,
743 2180 842 2220 licet
872 2179 980 2221 falsa
1011 2180 1077 2221 sit.
1116 2204 1163 2209 -

338 2247 439 2289 Sola
480 2248 568 2289 fere
614 2247 814 2290 lemmata
854 2263 999 2289 veram
1033 2249 1282 2303 scripturam
1315 2253 1593 2290 servaverunt

223 2314 341 2357 hisce
373 2315 499 2357 locis:

337 2384 366 2425 S
380 2384 441 2425 ch
455 2384 520 2426 01.
543 2383 702 2428 Andr.
725 2381 809 2426 383
831 2399 938 2440 quae
959 2384 1149 2440 praefixa
1171 2390 1268 2426 sunt
1288 2382 1438 2438 verba:
1470 2385 1592 2425 δυοῖν

227 2448 454 2509 δ’ἇνάγκη,
487 2458 650 2494 constat
679 2467 831 2494 revera
861 2467 953 2494 esse
983 2452 1229 2508 Euripidea,
1262 2466 1370 2508 quae
1400 2452 1444 2492 in
1478 2451 1591 2493 codi-

222 2520 340 2562 cibus
372 2522 526 2563 mirum
567 2522 610 2562 in
650 2520 824 2562 modum
871 2527 1070 2577 corrupta
1101 2526 1215 2562 sunt:
1264 2520 1300 2561 A
1332 2515 1534 2573 dva'yxaw
1565 2515 1591 2575 ἢ
