1716 3017
926 157 979 203 16

273 282 404 323 schol.
434 281 545 326 Med.
580 279 676 325 917.
722 280 773 325 τὰ
802 278 938 339 πρῶτ’
969 283 1169 325 ἕσεσθαι.·
1216 276 1307 323 ἀντὶ
1335 281 1408 322 τοῦ
1440 278 1492 323 τὰ
1522 296 1632 337 πρω-

272 354 362 392 τεῖα
409 346 725 403 ἀπενέγκασθαι
768 352 835 393 καὶ
879 350 1129 405 βασιλεύειν.
1182 347 1314 393 schol.
1351 347 1461 392 Med.
1510 344 1632 391 1034.

272 417 561 472 περιστελεῐν.·
601 418 829 473 κρύπτειν,
876 416 1152 472 ἐνταφιάζειν.
1202 415 1329 460 schol.
1359 415 1470 460 Med.
1502 410 1631 457 1130:

271 480 474 541 ᾐκισμένη
485 502 497 525 .·
531 486 828 542 μαστιζομένη.

385 551 507 604 Quae
538 553 753 608 praefatus
779 555 869 609 jam
905 553 957 595 ad
987 553 1177 608 singulos
1203 552 1376 594 Medeae
1405 556 1445 593 et
1465 551 1632 593 Andro-

271 620 447 661 machae
492 620 620 673 locos,
672 621 825 677 quibus
872 622 915 662 in
958 635 1006 662 re
1049 621 1193 662 critica
1237 619 1467 662 factitanda
1509 618 1632 661 nobis

271 694 459 729 veterum
492 689 768 744 interpretum
801 689 1105 745 explicationes
1127 687 1411 730 emolumento
1442 692 1513 728 aut
1535 691 1633 727 sunt

272 761 342 796 aut
371 755 570 798 videntur
601 771 708 810 esse,
739 756 1050 799 examinandos
1076 762 1301 800 transeam.

801 950 832 995 Ι.
892 949 1092 993 Medea.

384 1085 497 1126 Med.
528 1083 631 1128 107:

471 1196 474 1197 γ
542 1153 671 1209 δῆλον
701 1152 740 1195 δ’
773 1149 906 1209 ἀρχῆς
939 1152 1208 1209 ἐξαιρὸμενον

540 1225 668 1276 νέφος
698 1222 881 1277 οἰμωγῆς
910 1219 964 1268 ὥς
993 1222 1081 1274 τάχ,
1107 1217 1271 1277 ἀνάψει

540 1289 697 1343 μείζονι
725 1289 864 1346 θυμῷ.

384 1358 751 1413 Praepositionem
798 1356 866 1410 ἐξ,
911 1372 1020 1414 quae
1064 1359 1107 1398 in
1152 1357 1366 1413 plerisque
1414 1356 1633 1399 codicibus

271 1432 369 1466 ante
402 1426 580 1467 verbum
615 1425 728 1481 quod
760 1431 821 1467 est
855 1422 980 1482 ἀρχῆς
1010 1427 1167 1467 inserta
1198 1431 1272 1478 est,
1304 1431 1482 1481 apparet
1510 1425 1634 1467 inter-

272 1494 521 1549 pretationis
572 1508 700 1535 causa
750 1495 977 1549 ascriptam
1029 1493 1172 1539 fuisse.
1247 1493 1299 1534 G.
1347 1493 1633 1546 Hermannus,

267 1560 409 1604 Adnn.
443 1561 495 1602 ad
527 1561 638 1605 Med,
672 1562 724 1603 ab
753 1561 901 1605 Elmsl.
935 1562 1090 1604 editam
1122 1577 1161 1618 p.
1194 1558 1278 1604 346
1308 1562 1394 1602 dici
1426 1561 1506 1602 hoc
1539 1560 1631 1601 loco

269 1628 467 1671 debuisse
487 1630 672 1684 exponit,
701 1644 754 1670 ex
781 1630 897 1671 initio
921 1630 1033 1686 quod
1056 1630 1224 1672 fecisset
1243 1628 1397 1671 Medea
1418 1630 1631 1684 cognosci,

267 1697 400 1738 multo
431 1712 521 1739 eam
553 1698 754 1753 graviora
802 1697 952 1739 nubila
994 1713 1085 1739 esse
1132 1699 1449 1741 concitaturam.
1511 1696 1632 1749 Quae

269 1765 440 1821 quidem
468 1766 676 1807 sententia
707 1765 921 1822 quomodo
952 1766 994 1807 in
1026 1766 1170 1808 verbis
1204 1765 1287 1807 illis
1319 1766 1457 1807 inesse
1487 1765 1631 1821 possit,

267 1848 353 1874 non
385 1833 649 1888 intelligitur,
678 1849 776 1876 nam
805 1835 1012 1876 rationem
1032 1834 1281 1887 Hei-manni,
1313 1834 1384 1890 qui
1411 1833 1633 1889 conjungit

268 1901 402 1942 verba
446 1902 576 1958 δῆλον
612 1902 648 1943 δ’
679 1898 825 1958 ἀρχῆς,
873 1902 947 1943 vix
976 1902 1235 1958 probaveris.
1293 1900 1444 1957 Neque
1480 1900 1631 1942 melius

268 1984 334 2010 res
365 1970 490 2011 cessit
522 1969 689 2011 Bauero
712 1973 752 2023 ¹),
786 1971 858 2026 qui
880 1977 1116 2026 postremus
1148 1970 1286 2011 locum
1309 1983 1411 2012 sane
1432 1968 1631 2010 difficilli-

268 2052 366 2078 num
401 2037 602 2093 expedire
633 2044 809 2079 conatus
831 2037 1102 2080 scribendum
1131 2052 1223 2079 esse
1253 2044 1395 2094 putat:
1428 2033 1556 2094 ἀρχῆς
1585 2036 1631 2086 ἐξ

269 2120 319 2146 ea
348 2106 578 2158 sententia,
623 2112 670 2147 ut
709 2106 820 2147 idem
854 2106 906 2147 sit
936 2112 1064 2162 atque
1094 2104 1140 2155 ἐξ
1169 2097 1229 2149 ὧν
1258 2103 1445 2161 ἄρχεται.
1506 2105 1630 2157 Quod

270 2174 304 2214 si
333 2174 593 2214 concesseris
625 2173 844 2215 fatendum
872 2175 965 2227 erit,
995 2175 1122 2215 nimis
1151 2174 1348 2229 ambigue
1379 2173 1628 2229 Euripidem

268 2240 456 2283 locutum
489 2255 593 2286 esse.
653 2241 739 2282 Sed
771 2243 919 2284 missas
950 2241 1157 2284 faciamus
1189 2242 1378 2284 diversas
1409 2242 1629 2283 hominum

268 2309 488 2351 doctorum
537 2316 610 2351 aut
659 2310 963 2366 interpretandi
1011 2316 1084 2352 aut
1129 2310 1386 2353 emendandi
1430 2312 1628 2364 rationes,

364 2472 393 2512 1)
422 2470 552 2513 Wolfg.
582 2472 693 2504 Bauer
736 2472 827 2514 „Zur
855 2470 977 2503 Medea
1013 2472 1074 2503 des
1101 2472 1294 2514 Euripides.
1341 2473 1533 2506 Kritisches
1558 2473 1626 2505 und

269 2527 552 2570 Exegetisehes.“
576 2530 699 2572 Progr.
722 2529 781 2561 des
799 2528 1228 2572 Wilhelmsgymnasiums
1255 2541 1297 2564 zu
1311 2531 1498 2565 Miinchen.
1529 2532 1626 2564 1871,
