1716 3017
747 154 802 195 55

203 277 349 333 Supra.
393 276 578 319 vidimus
609 278 808 322 lemmata
854 281 968 322 haud
1013 296 1106 323 raro
1153 284 1301 324 vitiata
1348 298 1448 335 esse,

91 361 185 387 cum
211 344 518 400 adaptarentur
539 347 598 388 eis
627 346 780 400 verbis,
810 349 982 403 quaein
1013 350 1104 404 ipsa
1134 352 1321 391 oratione
1352 366 1448 392 con-

89 419 203 456 texta
229 413 485 468 legerentur.
544 413 863 471 Nonnunquam
896 418 1105 458 contrario
1132 417 1257 458 modo
1287 434 1336 460 ea
1357 434 1450 460 esse

90 487 307 538 corrupta,
357 492 455 521 cum
488 482 909 524 accommodarentur
953 483 1007 525 ad
1040 498 1088 524 ea
1117 484 1261 537 verba,
1310 501 1334 526 a
1363 487 1450 541 qui-

88 549 167 593 bus
198 552 291 606 ipsa
326 549 487 595 scholia
515 550 736 605 incipiant,
773 564 795 591 e
823 550 987 592 duobus
1018 551 1121 592 mihi
1148 551 1314 594 videtur
1344 553 1449 594 locis

88 633 140 659 aa
173 633 316 661 arere:

113 633 170 674 lp
200 686 377 734 Schol,
402 685 535 730 Med.
566 681 661 727 636.
694 686 914 740 μηδέποτ’,
946 683 978 727 ὦ
1002 688 1231 729 δέσποιναε
1262 686 1312 730 τὸ
1340 688 1445 744 ἑξῆς,

85 755 315 809 μηδέποτε,
367 749 400 797 ὦ
449 756 668 803 δέσποινα,
696 752 780 795 κτὲ.
829 778 884 783 -
933 754 983 795 In
1029 754 1246 797 codicibus
1294 755 1449 811 legitur

84 820 258 878 μήποτ’,
287 815 320 863 ὦ
348 822 555 871 δέσποιν’,
588 835 697 877 quae
728 822 936 877 scriptura
965 823 1056 863 sine
1088 821 1215 864 dubio
1241 839 1342 865 vera
1371 831 1446 868 est.

198 889 372 933 Schol.
407 889 564 933 Andr.
595 885 692 933 209.
723 884 774 930 σύ
804 889 840 930 δ’
862 887 913 931 ἄν
941 905 981 931 τι
1011 890 1213 947 κνισθῇςε
1257 886 1307 932 σύ
1340 892 1376 932 δ’
1398 889 1449 933 ἄν

84 973 126 1001 τι
153 958 364 1015 λυπηθῇς.
422 958 476 999 In
505 957 702 999 omnibus
734 957 854 1000 codd
890 952 941 999 σὺ
971 958 1005 999 δ’
1029 956 1079 1013 ἢν
1109 973 1150 999 τι
1179 959 1367 1014 κνισθῇς.
1394 985 1448 988 -

197 1026 268 1067 Ex
299 1025 366 1068 his
397 1025 606 1077 omnibus,
656 1039 765 1080 quae
812 1025 864 1066 de
909 1024 1117 1067 lemmatis
1157 1027 1447 1081 exposuimus,

85 1099 285 1150 apparet,
331 1093 488 1136 multas
537 1093 711 1149 quidem
749 1092 906 1134 habere
952 1107 1096 1134 corum
1144 1094 1187 1134 in
1228 1108 1272 1136 re
1305 1095 1448 1135 critica

83 1161 318 1204 factitanda
361 1176 484 1203 usum
529 1161 760 1214 cautiones,
808 1175 945 1217 neque
990 1175 1090 1202 vero
1131 1162 1228 1217 jure
1276 1177 1447 1218 prorsus

83 1229 217 1286 rejici,
249 1254 302 1260 --

197 1298 358 1349 Restat,
387 1303 434 1340 ut
464 1298 606 1338 animo
635 1297 943 1353 perlustremus
964 1298 1133 1339 tertium
1152 1313 1287 1353 genus
1315 1299 1447 1339 varia-

84 1381 177 1407 rum
201 1365 445 1418 lectionum,
473 1379 580 1421 quas
601 1365 723 1407 nobis
747 1365 909 1406 scholia
931 1365 1219 1420 suppeditant,
1248 1380 1318 1408 eas
1340 1365 1447 1418 dico,

83 1447 192 1489 quae
223 1438 369 1489 aperte
394 1433 540 1475 variae
571 1432 772 1475 lectiones
804 1432 1082 1477 declarantur.

155 1674 198 1719 3.
269 1670 340 1720 De
384 1673 525 1719 variis
565 1672 847 1719 lectionibus
889 1678 1048 1736 aperte
1092 1673 1139 1719 in
1189 1671 1378 1719 scholiis

174 1759 178 1762 ’
568 1763 963 1810 commemoratis.

197 1895 326 1938 Haud
355 1910 518 1952 paucae
548 1897 591 1937 in
624 1895 794 1937 scholiis
817 1897 1049 1938 afferuntur
1070 1897 1215 1937 variae
1245 1896 1446 1937 lectiones

83 1964 280 2020 apposita
309 1970 410 2006 nota
440 1979 500 2019 γρ.
533 1965 610 2018 (γρ.
642 1964 751 2019 καί),
782 1964 851 2006 vel
882 1963 1050 2019 plenius
1083 1965 1265 2019 ascripto
1296 1964 1447 2018 γράφε-

82 2047 164 2082 ται,
192 2032 397 2088 γράφεται
425 2033 505 2085 καὶ,
547 2029 622 2073 ἐὰν
653 2031 700 2073 δὲ
730 2033 948 2087 γράφηται.
1009 2031 1124 2082 Quas
1160 2031 1360 2073 lectiones
1392 2047 1446 2072 ex

83 2105 203 2157 parte
250 2101 340 2142 sine
380 2099 508 2141 dubio
557 2099 722 2141 addidit
760 2106 906 2142 auctor
954 2101 1140 2140 incertus
1161 2101 1208 2151 l)‚
1257 2101 1347 2141 sive
1391 2115 1446 2140 ex

84 2168 420 2221 commentariis,
469 2182 573 2223 quos
612 2169 818 2218 excussit,
861 2169 1013 2223 petitas
1046 2168 1137 2208 sive
1168 2169 1362 2210 inventas
1391 2167 1443 2208 ab

82 2238 176 2292 ipso
197 2236 491 2292 compluribus
519 2235 637 2277 libris
658 2235 837 2289 collatis,
868 2236 1020 2291 partim
1041 2251 1141 2277 vero
1165 2236 1447 2291 ascripserunt

82 2305 329 2360 posterioris
357 2305 504 2346 aetatis
537 2303 700 2345 librarii
720 2306 763 2354 2).

177 2420 209 2461 1)
235 2419 285 2452 Cf.
310 2419 430 2451 Barth.
459 2429 491 2461 p.
517 2420 571 2451 63.

173 2475 210 2519 2)
235 2475 313 2508 Hoc
341 2485 385 2508 ex
410 2476 504 2508 fonte
530 2478 716 2507 manarunt
754 2475 883 2506 multae
909 2475 1076 2508 lectiones
1102 2475 1137 2506 in
1164 2474 1237 2507 cod.
1264 2485 1283 2506 a
1320 2475 1445 2516 (Paris.

83 2533 187 2576 2713)
212 2532 348 2566 allatae.
371 2552 409 2557 -
