1716 3017
894 136 951 181 40

241 261 372 307 1261:
429 257 517 304 ὑπὸ
565 259 779 315 δαιμόνων
825 263 1028 317 πονηρῶν
1077 256 1318 305 ἀπόλλυται
1362 260 1415 305 τὰ
1462 269 1599 307 τέκνα.

239 331 410 372 Etenim
441 331 639 383 δαίμονες
666 331 853 384 πονηροί
883 330 922 370 ei
952 336 1061 382 sunt,
1093 344 1198 386 quos
1230 330 1377 386 Eurip.
1408 320 1601 373 nominat

239 396 472 452 ἀλάστορας
493 395 564 448 (ef.
584 395 774 451 Hesych.
803 392 1010 452 ἀλάστωρ·
1033 395 1184 452 πικρὸς
1205 398 1400 452 δαίμων).-
1438 398 1621 440 Retulit>

240 466 368 520 igitur
405 466 611 520 interpres
643 478 866 519 perperam
906 464 1039 506 verba
1083 463 1155 507 ὑπ’
1187 463 1433 520 ἀλαστόρων
1465 466 1521 507 ad.
1551 480 1602 508 ea

239 547 349 590 quae
370 536 615 588 sequuntur,
645 530 689 572 id
715 530 831 586 quod
859 546 945 572 non
975 531 1154 584 fecisset,
1188 534 1223 574 si
1253 533 1425 588 legisset
1453 533 1601 587 geniti-

238 615 341 642 vum
383 595 560 655 Έρινῦν.
618 597 912 640 Inconsultum
959 606 1021 640 est
1066 600 1196 654 igitur
1232 600 1445 656 judicium
1491 600 1600 641 Har·

237 668 379 722 tungi,
430 668 503 723 qui
547 667 937 721 interpretationem
962 666 1080 708 illam
1120 668 1250 710 refert
1280 667 1336 709 ad
1366 668 1601 723 genitivum

238 729 399 790 Ἑρινῦν
431 735 520 776 sive
545 729 754 788 Ἐρινύων.
785 757 841 764 -

351 801 549 844 Ceterum
578 800 685 843 nihil
717 801 800 843 hoc
829 801 922 843 loco
954 816 977 843 e
1010 801 1180 844 scholiis
1212 801 1440 847 lucramur.
1473 827 1524 832 --

349 914 403 956 V.
433 911 543 958 1287
576 929 690 971 sqq.:

407 981 447 1025 εἰ
476 980 536 1038 μὴ
558 980 776 1036 τυράννων
806 981 997 1035 δώμασιν
1028 980 1182 1025 δώσειν
1212 983 1330 1037 δίκην

406 1051 600 1094 πέποιθ’.
632 1048 916 1094 ἀποκτείνασα
946 1048 1160 1105 κοιράνους
1190 1047 1352 1100 χθονὸς

410 1116 557 1174 ἀθῷος
586 1115 690 1173 αὐτὴ
717 1119 853 1160 τῶνδε
883 1116 1079 1172 φεύξεται
1109 1117 1277 1170 δόμων;

348 1207 466 1249 Libri
504 1206 631 1250 δώσει
669 1213 709 1249 et
744 1206 992 1263 φεύξεσθαι.
1054 1207 1198 1249 Schol.
1241 1203 1372 1250 1296:
1419 1208 1491 1249 δεῖ
1526 1203 1601 1262 γὰρ

235 1271 363 1332 αὐτὴν
392 1307 401 1316 .
429 1307 438 1317 .
473 1311 482 1320 .
516 1307 546 1327 .,
588 1275 627 1317 εἰ
652 1271 712 1332 μὴ
742 1272 823 1330 ἄρα
858 1278 1053 1317 πέποιθε
1086 1271 1146 1332 μὴ
1174 1273 1326 1317 δώσειν
1363 1274 1484 1331 δίκην
1515 1275 1602 1316 τῶν

233 1344 545 1399 τολμηθέντων.
600 1368 650 1374 ——
708 1344 846 1395 Quam
892 1343 1285 1398 interpretationem
1335 1343 1407 1398 qui
1449 1341 1602 1395 attulit,

236 1411 340 1467 legit
386 1411 643 1454 infinitivum
689 1408 867 1463 δώσειν,
921 1410 1181 1466 pendentem
1230 1409 1353 1451 illum
1397 1424 1422 1451 a
1469 1409 1601 1451 verbo

234 1481 439 1521 πέποιθε.
497 1479 648 1535 Neque
691 1479 803 1520 enim
844 1478 1116 1533 cogitandum
1160 1493 1251 1520 esse
1295 1477 1349 1519 de
1391 1476 1502 1519 falsa
1532 1475 1602 1518 vel

235 1561 386 1602 parum
427 1552 627 1589 accurata
669 1545 968 1602 explicatione,
1013 1553 1191 1602 apparet
1237 1560 1260 1587 e
1303 1545 1435 1587 schol.
1468 1541 1600 1587 1300:

234 1610 397 1670 ἀθῷοςε
443 1610 536 1656 ἀντὶ
577 1613 652 1656 τοῦ
696 1614 894 1668 φεύξεται
934 1609 1204 1670 ἀτιμώρητος,
1247 1613 1321 1654 ubi
1360 1613 1601 1654 invenimus

234 1681 513 1724 indicativum
543 1696 621 1738 pro
653 1681 860 1723 infinitivo
888 1681 1137 1736 φεύξεσθαι,
1168 1682 1234 1722 cui
1264 1680 1384 1722 locus
1414 1695 1500 1722 non
1527 1687 1601 1735 est,

235 1749 269 1790 si
299 1752 494 1791 πέποιθε
526 1748 706 1791 refertur
735 1748 791 1790 ad
824 1764 873 1791 ea
901 1763 1011 1805 quae
1042 1749 1313 1791 antecedunt.

345 1817 526 1862 Kirchh.
569 1818 836 1873 scripturam,
887 1831 1015 1873 quam
1050 1818 1269 1873 interpreti
1314 1820 1411 1857 ante
1451 1814 1598 1857 oculos

233 1884 502 1927 obversatam
548 1899 641 1926 esse
685 1890 823 1940 patet,
875 1885 1088 1926 exstitisse
1131 1884 1359 1926 arbitratur
1402 1884 1445 1924 in
1485 1888 1599 1925 auto-

231 1951 406 2008 grapho,
439 1952 494 1994 ab
515 1953 595 1994 hac
615 1954 743 2007 igitur
763 1951 1119 2006 proficiscendum
1141 1966 1233 1993 esse
1263 1951 1424 1993 homini
1449 1951 1596 1992 critico

230 2020 320 2060 sive
351 2020 626 2063 emendaturo
660 2021 751 2062 sive
783 2021 1126 2076 interpretaturo,
1171 2034 1259 2061 non
1304 2019 1357 2061 ab
1388 2033 1452 2072 eal
1488 2032 1597 2075 quae

231 2092 333 2128 nata
375 2088 430 2129 sit
469 2087 737 2130 librariorum
773 2087 1056 2129 recentiorum
1087 2087 1175 2129 sive
1214 2087 1477 2142 negligentia
1507 2087 1597 2128 sive

232 2154 472 2211 corrigendi
518 2155 711 2199 libidine.
781 2154 921 2206 Quam
975 2155 1074 2196 artis
1124 2154 1296 2196 criticae
1338 2154 1597 2196 factitandae

230 2223 450 2276 rationem,
491 2222 590 2264 licet
619 2222 871 2279 plerumque
900 2228 1016 2264 recta
1048 2224 1115 2275 sit,
1146 2237 1234 2263 non
1266 2222 1462 2264 omnibus
1491 2222 1596 2263 locis

232 2305 325 2332 esse
357 2290 682 2343 observandam,
711 2297 891 2348 apparet
919 2305 974 2332 ex
1004 2291 1075 2343 eis,
1104 2305 1214 2346 quae
1245 2305 1375 2346 supra
1406 2305 1446 2346 p.
1479 2287 1505 2331 ὃ
1531 2305 1595 2346 sq.

230 2357 519 2404 disseruimus,
579 2357 688 2400 Cum
729 2360 842 2400 enim
886 2364 1071 2412 constet,
1126 2365 1343 2400 auctorem
1389 2360 1596 2400 incertum

230 2425 392 2468 scholia
434 2426 490 2469 ad
519 2432 668 2482 poetae
709 2426 841 2469 verba
870 2426 1162 2480 accomodare,
1203 2427 1369 2469 etiamsi
1398 2425 1594 2478 voluerit,

230 2508 318 2535 non
346 2494 550 2550 potuisse,
593 2509 695 2537 cave
731 2509 786 2537 ne
818 2501 941 2551 putes
973 2495 1170 2538 omnibus
1201 2494 1305 2537 locis
1335 2493 1592 2554 scholiorum
