1716 3017
892 145 949 192 56

354 274 421 315 De
452 286 610 328 magna
656 272 828 330 quidem
861 280 979 329 parte
1019 274 1171 315 harum
1218 274 1447 316 lectionum
1492 273 1604 315 valet

240 357 436 385 severum
478 340 686 383 Lobeckii
724 340 950 397 judicium,
999 341 1113 398 quod
1157 342 1257 383 facit
1287 341 1342 383 ad
1371 340 1501 397 Soph.
1538 340 1601 397 Aj.

238 426 279 451 v.
309 406 377 462 57,
423 423 562 465 neque
591 415 733 450 tamen
765 424 911 451 omnes
946 424 1031 451 uno
1063 409 1210 451 ordine
1244 415 1342 451 sunt
1367 408 1603 462 habendae,

240 492 361 529 cum,
393 483 438 518 ut
471 476 683 518 diversam
723 477 920 531 singulae
952 476 1110 519 habent
1140 478 1362 532 originem,
1406 478 1465 519 ita
1494 477 1605 518 inter

240 559 284 586 se
315 544 514 586 differant
544 544 806 587 auctoritate.

353 612 417 652 Ac
461 612 644 668 primum
692 626 851 666 magna
896 611 1125 654 lectionum
1157 613 1280 668 copia
1315 611 1504 669 profecta
1543 617 1605 654 est

240 696 263 722 e
310 681 566 736 conjecturis
616 681 704 722 sive
752 679 1145 722 Alexandrinorum
1192 681 1280 721 sive
1324 682 1605 736 posteriorum

239 748 613 804 grammaticorum
645 747 988 803 librariorumve3
1038 762 1145 804 quae
1177 747 1400 802 lectiones,
1446 754 1492 790 ut
1523 748 1604 791 Lo-

239 814 379 856 beckii
425 814 567 857 verbis
597 820 706 868 utar,
757 816 1010 872 plerumque
1058 817 1116 857 eis
1151 821 1245 857 sunt
1284 815 1454 869 similes,
1499 831 1605 873 quas

240 883 372 925 critici
414 881 527 924 male
580 882 717 924 seduli
770 883 970 925 fabricari
1008 883 1157 940 ⁴solent
1212 883 1332 925 nullo
1381 890 1606 939 corruptae

240 952 473 1007 scripturae
504 949 674 1004 indicio,
707 951 782 993 sed
810 951 901 993 sola
936 952 1180 994 mutationis
1213 951 1415 993 facilitate
1445 951 1604 995 allecti.

241 1019 335 1070 Quo
367 1020 411 1059 in
447 1032 624 1060 numero
666 1035 928 1076 quamquam
973 1021 1072 1061 satis
1110 1019 1266 1061 multae
1305 1026 1403 1061 sunt
1448 1019 1606 1061 haben-

241 1086 320 1128 dae
353 1086 559 1128 lectiones
592 1087 634 1127 in
656 1086 829 1129 scholiis
861 1088 1028 1139 allatae,
1058 1093 1200 1130 tamen
1231 1087 1518 1143 improbanda
1542 1092 1605 1129 est

241 1155 382 1210 opinio
411 1154 584 1205 Kornii,
633 1156 705 1211 qui
748 1155 876 1211 longe
907 1155 1115 1212 plurimas
1162 1156 1418 1212 conjecturis
1460 1155 1605 1198 deberi

241 1221 322 1263 sibi
357 1221 460 1264 dicit
488 1236 579 1264 esse
608 1225 980 1278 persuasissimum
1001 1227 1041 1277 ¹).

354 1289 390 1331 E
424 1289 594 1332 scholiis
639 1291 682 1332 in
713 1291 910 1333 Medeam
961 1298 1001 1334 et
1028 1291 1376 1333 Andromacham
1401 1292 1498 1348 jure
1528 1291 1610 1332 huo

241 1358 399 1400 referas
428 1359 505 1400 has
536 1358 644 1403 fere:

355 1426 433 1469 Me
447 1426 486 1471 d.
508 1443 551 1471 v.
572 1422 646 1471 25:
676 1423 752 1469 τὸν
772 1424 914 1468 πάντα
936 1425 1201 1482 συντήκουσα
1229 1424 1423 1480 δακρύοις
1442 1424 1608 1481 χρόνον.

242 1494 383 1537 Schol.
408 1493 691 1552 συντήκουσα;
721 1510 780 1550 γρ.
803 1495 870 1536 καὶ
895 1496 1180 1536 συντείνουσα.
1239 1494 1358 1536 Idem
1379 1495 1609 1550 ascriptum

242 1568 304 1605 est
334 1564 378 1604 in
409 1563 501 1607 cod.
536 1578 568 1604 c.
602 1562 782 1605 Kirchh.
812 1561 926 1603 Med.
960 1562 1014 1618 (a.
1040 1558 1168 1617 1852)
1200 1579 1240 1618 p.
1273 1559 1327 1605 92
1357 1568 1469 1604 recte
1497 1563 1606 1604 hanc

242 1631 470 1673 lectionem
512 1645 602 1673 esse
633 1635 756 1687 putat
785 1630 1075 1685 conjecturam
1106 1630 1268 1672 librarii
1299 1630 1430 1673 verba
1463 1628 1611 1686 συντή-

240 1714 330 1742 κειν
362 1700 517 1754 χρόνον
548 1714 635 1741 non
662 1698 955 1752 intelligentis.

356 1767 484 1808 Med.
528 1765 623 1810 497.
666 1767 848 1808 δοκοῦσα
885 1766 963 1820 μὲν
1003 1769 1047 1807 τί
1079 1764 1190 1821 πρός
1230 1780 1276 1818 γε
1316 1765 1391 1807 σοῦ
1429 1762 1610 1821 πράξειν

239 1836 384 1882 καλῶς.
454 1835 573 1878 Libri
620 1839 698 1889 μέν
726 1850 779 1879 τι.
841 1834 968 1886 Quod
1014 1848 1109 1875 cum
1156 1848 1240 1875 non
1288 1832 1608 1887 intelligeretur,

242 1910 388 1945 natum
421 1910 483 1946 est
515 1918 537 1945 e
568 1904 814 1960 conjectura
852 1903 965 1959 quod
998 1902 1041 1943 in
1073 1901 1203 1943 schol.
1236 1901 1326 1943 cod.
1360 1916 1384 1942 a
1413 1900 1608 1942 affertur:

238 1970 352 2028 μήτι.
412 1971 643 2028 Elmslejus
675 1971 748 2028 qui
778 1971 946 2026 scripsit
974 1971 1054 2023 μὲν
1083 1972 1134 2023 τί,
1167 1969 1310 2011 locum
1341 1969 1534 2010 restituit.

354 2039 485 2084 Med.
513 2054 553 2084 V.
585 2035 688 2082 703:

411 2105 519 2163 λόγῳ
549 2107 627 2162 μὲν
660 2102 765 2160 οὐχί,
797 2111 1015 2162 καρτερεῖν
1046 2104 1094 2147 δὲ
1118 2104 1324 2160 βούλεται.

355 2175 495 2219 Schol.
530 2172 622 2218 708.
660 2174 752 2219 cod.
785 2189 822 2216 a.
869 2189 930 2229 γρ.
962 2174 1113 2228 καρδία
1143 2172 1189 2216 δὲ
1219 2170 1426 2227 βούλεται,
1489 2172 1609 2224 Quae

239 2244 363 2286 lectio
396 2244 583 2300 speciem
613 2258 716 2300 prae
758 2258 801 2285 se
831 2242 910 2285 fert
940 2243 1221 2299 conjecturae,
1257 2255 1341 2297 qua
1369 2241 1463 2297 quis
1495 2241 1608 2283 resti-

240 2319 358 2355 tuere
390 2318 566 2356 conatus
588 2318 651 2354 est
679 2311 821 2354 locum
851 2326 954 2354 sane
980 2309 1281 2363 difficiliorem,
1314 2309 1388 2364 qui
1404 2309 1608 2351 recentio-

334 2472 364 2517 1)
391 2473 442 2506 De
480 2472 576 2515 publ.
603 2472 728 2505 Aesch.
766 2471 872 2515 Soph.
909 2471 1028 2514 Eurip.
1069 2469 1176 2504 fabul.
1214 2468 1404 2512 exemplari
1441 2468 1607 2511 Lycurgo

240 2532 381 2571 auctore
409 2530 566 2564 confecto
595 2541 627 2573 p.
656 2530 706 2562 16.
1514 2551 1516 2554 .
