1716 3017
762 98 871 159 65ι

23 236 33 242 ”
107 225 217 268 inter
237 229 464 281 utrumque
485 223 666 266 verbum
687 225 981 279 intercederet,
1012 225 1119 266 illud
1141 222 1303 280 θράσει
1324 240 1478 282 parum

109 298 255 348 aptum
282 297 406 345 esset,
441 306 535 333 cum
559 291 691 334 Jason
712 294 946 335 minaretur
971 294 1112 348 potius
1134 293 1316 335 Medeae
1349 308 1477 349 quam

10 366 13 367 ⁷
44 401 46 403 ,
109 359 396 401 emolumenta
438 359 583 414 legum
627 366 668 402 et
699 361 987 402 institutorum
1016 359 1279 402 Graecorum
1309 360 1478 416 praedi-

109 433 237 469 caret.
295 426 354 468 At
383 426 535 469 falsam
558 442 648 469 esse
680 427 797 468 illam
815 434 1020 469 veterum
1043 428 1291 482 opinionem
1324 427 1478 469 intelli-

83 495 220 550 .gitur
250 500 291 536 et
325 509 380 536 ex
412 509 461 536 eo
494 496 613 550 ipso,
661 494 714 536 ad
754 509 881 551 quem
919 494 1131 535 scholium
1161 494 1270 536 illud
1302 502 1476 551 spectat,

107 561 202 604 loco
231 568 274 604 et
303 576 326 603 e
355 561 498 603 multis
528 561 635 603 aliis.
696 562 760 607 Cf.
784 561 912 618 soph,
936 561 1043 606 Phil.
1073 559 1167 604 104.
1198 561 1302 604 Eur.
1324 561 1477 618 Suppl,

107 627 202 674 610.
235 629 385 672 Monk.
409 628 465 670 ad
486 627 578 670 Alc.
609 626 692 672 620
724 636 779 682 (v.
810 627 894 673 615
920 629 993 684 K).
1026 655 1080 660 —
1112 629 1208 671 Hoc
1239 630 1333 672 loco
1363 629 1477 684 θρά-

108 707 179 743 σος
206 696 314 738 nihil
354 702 417 738 est
460 697 541 738 nisi
583 697 803 751 „fiducia“.
865 698 981 739 Dicit
1011 698 1138 752 igitur
1164 696 1322 739 Jason:
1369 697 1476 739 didi-

107 764 200 806 cisti
228 764 397 819 legibus
424 765 497 817 uti,
529 779 615 806 non
635 765 792 806 fiducia
824 780 951 820 opum
985 769 1098 817 (cum
1121 764 1238 821 apud
1258 764 1476 818 barbaros,

104 837 152 874 ut
183 832 365 889 quisque
398 831 553 887 opibus
583 832 687 885 fidit,
721 834 778 874 ita
806 847 850 874 se
882 836 1030 887 gerat)
1063 858 1116 863 —-

217 899 349 942 Med.
392 915 421 941 v
464 896 569 942 582:
616 898 659 941 ἕν
697 899 775 955 γάρ
818 898 976 942 ἒκτενεῑ
1009 897 1049 941 ‹5'
1080 899 1194 946 ἔπος.
1257 904 1289 941 Β
1323 896 1366 940 ἓν
1396 897 1476 953 γάρ

103 972 242 1011 κτενεῖ
267 968 304 1009 σ’
330 965 444 1019 ἔπος,
493 966 631 1009 CCEd
674 966 718 1009 ἓν
747 968 826 1023 γὰρ
857 966 1022 1010 ἐκτενεῖ
1048 968 1084 1008 α’
1103 967 1216 1020 ἔπος,
1264 982 1289 1008 a
1319 964 1363 1007 ἓν
1394 966 1474 1020 γάρ

104 1035 141 1078 ‹5’
165 1034 329 1078 ἓκτενεῐ
354 1033 470 1086 ἔπος,
516 1035 571 1076 bc
603 1033 646 1077 ἓν
676 1035 758 1090 γάρ
790 1032 844 1077 ἂν
873 1040 1013 1077 κτενεῖ
1038 1036 1071 1077 ‹5'
1094 1033 1208 1087 ἔπος,
1251 1036 1294 1076 Β
1325 1032 1369 1075 ἓν
1397 1032 1476 1088 γάρ

103 1097 181 1146 οὖν
200 1108 342 1145 κτενεῖ
369 1102 404 1144 σ’
426 1102 542 1149 ἔπος.
575 1128 629 1132 -
662 1102 804 1144 Schol.
838 1100 921 1145 585
952 1118 1014 1157 γρ.
1046 1104 1113 1144 καὶ,
1146 1100 1189 1143 ἓν
1219 1101 1298 1157 γάρ
1319 1100 1481 1143 ἐκτενεῖ

105 1171 142 1213 ‹5'
164 1169 278 1217 ἔπος.
310 1168 475 1212 ἐκτενεῖ
502 1182 549 1211 σε
570 1168 666 1212 ἀντὶ
695 1170 770 1212 τοῦ
799 1171 1030 1224 καταβαλεῖ
1052 1170 1136 1212 κτὲ.
1198 1169 1319 1221 Quae
1350 1169 1476 1210 lectio

102 1238 378 1280 confirmatur
398 1237 558 1279 scholio
580 1239 707 1280 Hom.
731 1253 799 1294 ap.
822 1237 963 1280 Cram.
986 1253 1052 1280 an.
1073 1238 1206 1279 Paris,
1224 1237 1300 1280 Ill.
1319 1252 1360 1292 p.
1379 1233 1476 1280 ⁸225.

102 1306 297 1348 Eustath.
345 1306 389 1346 in
419 1305 468 1346 Il.
510 1321 550 1360 p.
584 1303 694 1358 672„
742 1320 820 1347 nec
866 1321 953 1347 non
1000 1305 1054 1347 ad
1101 1305 1278 1346 eandem
1316 1309 1477 1360 spectat

102 1375 219 1430 prior
251 1388 349 1430 pars
379 1372 544 1414 scholii.
606 1373 711 1415 Orta
744 1380 805 1415 est
835 1373 1065 1414 lectionum
1086 1374 1268 1414 varietas
1300 1386 1322 1414 e
1344 1371 1474 1414 verbo

102 1439 268 1484 ἕκτενεῖ
294 1456 381 1482 non
414 1441 648 1483 intellecto,
711 1440 777 1482 Cf.
808 1441 972 1482 Kirchh
1017 1440 1129 1484 Med.
1160 1456 1200 1496 p.
1234 1437 1302 1482 98.

215 1508 348 1550 Med.
379 1524 418 1552 V.
451 1505 561 1552 1257
591 1524 706 1566 sqq.:

271 1575 439 1628 χαλεποὶ
468 1575 546 1630 γάρ
575 1580 745 1632 βροτοῖς
773 1575 954 1632 ὁμογενῆ
982 1575 1061 1629 μιοί
1088 1600 1142 1606 -

273 1645 396 1697 σματ’
430 1642 502 1686 ἐπὶ
532 1650 651 1697 γαῖαν
680 1641 962 1700 αὕτοςρόνταις
995 1638 1113 1685 σύνοι
1145 1669 1197 1674 —

274 1714 328 1754 δα
357 1710 527 1754 θεόθεν
553 1713 741 1754 πίτνοντ’
775 1711 848 1754 ἐπὶ
879 1714 1025 1765 δόμοις
1056 1710 1150 1767 ἄχη.

214 1780 299 1821 Pro
332 1779 507 1821 σύνοιδα
551 1781 596 1820 in
641 1779 764 1823 codd.
798 1778 1057 1821 BCEadBC
1099 1778 1257 1833 legitur
1287 1779 1474 1836 συνῳδὰ,

101 1848 179 1891 sed
209 1849 253 1889 in
282 1847 318 1888 B
350 1847 690 1902 suprascriptum
721 1851 783 1887 est
813 1845 998 1890 σύνοιδα.
1060 1845 1202 1888 Schol.
1237 1844 1348 1889 1269
1380 1848 1473 1894 cod.

103 1931 150 1958 a:
195 1914 406 1970 γράφεται
435 1914 481 1956 δὲ
509 1915 577 1956 καὶ
611 1913 795 1970 συνῳδοῖ.
859 1914 966 1956 Cum
1001 1916 1045 1956 in
1077 1917 1137 1957 eis
1170 1929 1279 1971 quae
1311 1921 1474 1957 antece-

104 1983 213 2025 dunt
244 1980 464 2038 συνῳδοῖ
496 1981 758 2038 explicatum
780 1984 845 2035 sit,
869 1984 969 2039 jure
997 1982 1160 2025 Kirehh
1201 1981 1474 2024 scribendum

106 2065 199 2093 esse
238 2050 406 2106 judicat
453 2048 661 2105 γράφεται
707 2051 752 2092 δὲ
796 2052 865 2092 καὶ
916 2049 1099 2094 σύνοιδα.
1160 2049 1475 2092 Difficillimum

103 2133 206 2161 sane
246 2125 309 2160 est
339 2124 502 2159 certum
532 2118 673 2159 facere
696 2118 908 2174 judicium
940 2119 993 2160 de
1020 2119 1099 2160 hoc
1132 2118 1238 2170 loco,
1281 2119 1354 2174 qui
1384 2124 1474 2159 tan-

103 2192 252 2243 topere
284 2188 449 2229 animos
477 2186 700 2227 hominum
735 2186 954 2228 doctorum
987 2187 1189 2228 exercuit.
1252 2185 1315 2230 Cf.
1349 2186 1475 2227 Weil.

101 2253 212 2299 Nov.
242 2254 402 2299 Annal.
435 2252 587 2309 philol.
622 2260 662 2295 et
693 2253 818 2309 paed.
848 2251 915 2307 95,
946 2270 988 2310 p.
1019 2251 1116 2307 384,
1148 2254 1302 2298 Bauer.
1334 2269 1376 2310 p.
1404 2250 1474 2300 27.

102 2321 368 2364 Heimsoeth.
415 2323 461 2363 in
508 2320 617 2362 libro
656 2323 730 2378 qui
772 2323 1003 2378 inscriptus
1036 2328 1099 2364 est
1130 2322 1266 2374 „Krit.
1296 2321 1475 2364 Studien

102 2403 158 2430 zu
205 2389 246 2434 d.
293 2389 454 2444 griech.
497 2389 765 2444 Tragikern“
810 2389 844 2433 Ι,
894 2406 934 2446 p.
974 2387 1069 2433 378,
1133 2389 1368 2443 Schrader,
1420 2390 1474 2432 de

101 2462 186 2501 not.
223 2457 312 2502 crit,
355 2472 396 2513 p.
426 2455 500 2511 64,
546 2458 618 2513 qui
660 2471 818 2512 magna
850 2473 946 2500 cum
991 2458 1182 2500 veritatis
1223 2458 1366 2513 specie
1396 2472 1473 2514 pro

1247 2528 1266 2558 5
