1716 3017
759 102 866 160 67·

213 228 369 273 Andri
399 243 441 274 v,
472 225 578 273 357:
609 232 844 274 πίτνοντες.
903 226 943 268 Α
972 224 1224 277 πιτνόντες,
1271 225 1346 268 ΟΕ
1376 241 1472 268 πιτ-

92 298 276 350 ’νῶντες,
331 295 442 338 abed
485 299 740 346 πίπτοντες,
797 294 881 338 BG
924 293 1187 340 πιτνοῦντες.
1248 292 1390 337 Schol.
1431 292 1468 333 B

98 366 354 410 πίπτοντεςι
397 363 570 419 γράψον
604 359 736 417 οὕτω,
782 360 830 405 οὗ
861 361 1012 417 βώμιοι
1058 364 1312 410 πίπτοντες,
1357 360 1472 416 quod

99 430 231 474 Dind.
265 431 446 473 mutavit
465 432 509 472 in
529 428 737 485 γράφεται
758 425 904 482 οὕτως,
936 424 1036 472 οὐδὲ
1055 426 1211 483 βώμιοι
1233 431 1469 473 πίτνοντες.

69 497 240 540 Χ801101.
271 512 310 542 a.
346 514 407 554 γρ,
438 500 678 550 πίτνοντες,
725 512 853 553 quam
880 498 1061 539 formam
1092 496 1351 538 recentiores
1386 494 1473 536 edi-

97 570 211 607 tores
241 565 296 607 ad
327 580 460 607 unum
493 579 640 606 omnes
672 571 938 621 receperunt.

211 632 366 677 Andr.
409 648 451 674 v.
493 628 596 675 359:
645 632 918 686 προστιθεϊσ’
957 632 1173 687 ἀβουλίαν.
1234 630 1378 673 Schol.
1422 647 1469 675 a:

98 696 329 755 άβουλίανε
358 715 422 756 γρ.
454 698 672 753 ἀπαιδίαν,
703 714 832 755 quam
863 698 1090 741 lectionem
1124 705 1165 741 et
1197 698 1396 741 lemmate
1427 705 1468 741 et

95 767 443 823 interpretatione
473 766 606 810 schol.
636 766 759 808 codd.
790 767 857 808 Aa
885 767 1192 821 confirmatam,
1239 768 1470 822 genuinam
1506 765 1509 769 ”

97 848 189 876 esse
221 850 352 891 supra
376 835 561 877 vidimus
586 849 628 890 p.
657 831 722 876 10.
754 858 810 865 -—

209 902 364 946 Andr.
397 918 438 944 v.
470 898 573 944 626:
617 900 686 943 κεί
725 902 814 956 τρὶς
859 901 995 948 νόθος
1024 905 1231 955 πέφυκεν.
1291 903 1374 946 Pro
1404 905 1470 947 κεί

95 972 185 1025 τρίς
215 971 258 1011 in
293 969 413 1011 codd.
444 969 603 1011 BCEB
650 968 806 1023 legitur
850 969 919 1011 κεῖ
959 983 1034 1022 τις,
1084 975 1223 1010 ortum
1256 986 1278 1012 e
1308 972 1468 1014 mendo

96 1038 328 1093 scripturae
348 1039 390 1088 Ι).
451 1035 594 1078 Schol.
623 1033 720 1081 636,
754 1036 825 1079 κεῖ
847 1052 930 1083 τις.·
961 1052 1022 1091 γρ.
1053 1037 1118 1079 κεί
1147 1041 1247 1092 τρίς.
1282 1061 1337 1070 -

209 1104 367 1156 Andr,
398 1119 440 1149 v,
475 1102 580 1147 911:

267 1171 319 1214 αἵ
329 1187 404 1227 μοι
433 1173 629 1225 λέγουσαι
657 1170 797 1214 τούσδ’
830 1170 1074 1223 ἕχαύνωσαν
1100 1171 1261 1225 λόγους.

209 1238 349 1283 Schol.
379 1235 477 1282 931.
506 1239 597 1284 cod.
621 1240 658 1281 Τ
691 1238 957 1291 αὐχένωσανε
990 1238 1251 1296 ἐπτέρωσαν,
1286 1240 1466 1298 ἐπῆραν.

91 1306 302 1363 γράφεται
331 1305 583 1361 ἐχαύνωσαν,
615 1323 724 1365 quae
754 1308 878 1350 lectio
902 1314 1043 1349 exstat
1073 1309 1119 1348 in
1146 1309 1344 1351 omnibus
1375 1310 1465 1353 fere

94 1374 313 1417 codicibus
337 1376 448 1427 (inB
468 1389 494 1416 a
514 1390 577 1431 pr.
599 1391 654 1420 m.
678 1373 936 1428 αὖχένωσαν)
959 1382 1000 1417 et
1021 1375 1294 1418 confirmatur
1314 1378 1466 1425 scholl.

92 1442 211 1496 ABa,
256 1442 333 1485 ubi
379 1442 541 1485 eisdem
586 1443 730 1486 verbis
761 1444 1002 1499 explicatur
1032 1444 1186 1499 quibus
1217 1439 1461 1497 αὕχένωσαν

93 1511 139 1553 in
169 1510 263 1555 cod,
292 1510 343 1555 T.

206 1578 364 1624 Andr.
408 1595 448 1621 v.
489 1576 626 1622 1011:
675 1577 898 1621 δυστάνων
936 1584 1088 1623 τεκέων
1125 1577 1289 1633 ἄλοχοι.
1348 1582 1465 1625 BCE

91 1650 261 1701 τοκέων,
297 1648 425 1689 ceteri
454 1651 618 1691 τεκέων.
678 1646 820 1689 Schol.
851 1644 960 1690 1038
992 1649 1036 1689 in
1070 1648 1268 1691 lemmate
1297 1655 1465 1703 τοκέων,

93 1714 210 1771 quod
256 1721 483 1772 postquam
530 1715 788 1771 explicatum
836 1722 912 1768 est,
958 1715 1149 1757 additur:
1194 1715 1271 1759 ἐάν
1302 1719 1352 1760 δὲ
1380 1713 1407 1775 ᾗ
1436 1716 1466 1774 ἦ

92 1778 232 1839 γραφὴ
259 1787 455 1837 τευχέων,
487 1782 629 1826 λύεται
656 1786 835 1837 (τεκέων,
865 1784 1005 1826 λείπει
1038 1783 1204 1836 Cobet.)
1231 1780 1280 1827 τὸ
1309 1783 1464 1840 ἕνεκεν,

94 1847 240 1902 ἄλοχοι
272 1851 322 1893 δὲ
354 1849 450 1894 ἀντὶ
477 1852 554 1893 τοῦ
584 1856 773 1904 γυναῖκες
803 1851 964 1899 ἁπλῶς.
998 1876 1053 1883 -

208 1918 357 1961 Lectio
387 1923 557 1970 τοκέων,
582 1921 681 1976 jure
714 1919 767 1960 ab
797 1920 1029 1962 editoribus
1050 1922 1222 1977 rejecta,
1256 1927 1356 1964 nata
1387 1929 1464 1977 est,

95 1987 197 2042 quia
225 1987 436 2042 genitivus
468 1988 539 2043 qui
571 1986 729 2043 pendet
757 2002 782 2029 a
812 1987 945 2030 verbo
975 1988 1195 2041 στοναχάς,
1242 2004 1468 2046 perperam

93 2053 252 2096 relatus
284 2060 348 2097 est
377 2055 433 2096 ad
463 2053 617 2107 ἄλοχοι.
651 2080 707 2087 —-

207 2123 303 2164 Hae
331 2129 429 2165 sunt
457 2123 662 2165 lectiones
691 2125 737 2165 in
767 2123 920 2166 scholl.
951 2124 1008 2165 ad
1035 2123 1150 2166 Med.
1183 2129 1224 2166 et
1256 2124 1465 2171 Androm.

94 2196 241 2246 aperte
287 2198 656 2234 commemoratae.
726 2191 844 2244 Quas
888 2190 1093 2234 lectiones
1142 2206 1196 2234 ex
1244 2193 1305 2235 eis
1352 2208 1463 2249 quae

188 2307 223 2348 1)
250 2305 405 2339 Eandem
431 2305 595 2339 videntur
626 2306 757 2340 habere
782 2307 955 2349 originem
980 2307 1150 2340 lectiones
1175 2307 1211 2338 in
1236 2305 1357 2339 scholl.
1382 2306 1467 2339 alla-

95 2364 152 2395 tae
175 2362 240 2395 hae
267 2363 357 2398 fere:
407 2364 523 2399 Schol.
550 2363 640 2396 Med.
680 2364 786 2396 1223:
822 2359 945 2410 γνώσῃ
976 2359 1047 2412 γὰρ
1071 2360 1188 2404 αὐτήε
1227 2375 1280 2412 γρ.
1308 2358 1467 2411 γλώσσῃ.

96 2419 212 2452 schol.
239 2420 348 2453 Andr.
385 2421 471 2453 503:
508 2415 609 2454 κατὰ
641 2420 773 2465 γαίας;
811 2432 865 2470 γρ.
902 2415 1001 2454 κατὰ
1040 2424 1167 2464 γαῖαν.
1216 2420 1332 2453 Schol.
1358 2419 1468 2453 Andr.

99 2477 207 2510 1042:
232 2473 375 2510 ss‘nsaov:
400 2490 455 2526 γρ.
480 2476 639 2512 ἔνεσπον.
665 2477 714 2511 Τ.
738 2495 784 2501 -
