1716 3017
750 152 806 199 33

94 276 254 334 φρενός
283 292 378 320 cum
409 278 539 320 verbo
569 277 728 332 λόγους,
771 294 867 320 cum
896 278 1054 321 Weilio
1089 284 1235 321 contra
1266 280 1454 322 omnium

98 345 290 387 codicum
311 352 352 388 et
372 346 523 389 scholii
542 348 833 390 auctoritatem
856 346 1125 389 scribendum
1146 353 1209 389 est
1223 348 1453 404 μαλθακῆς.

210 412 332 464 Quae
362 429 458 456 cum
493 415 552 456 ita
583 416 681 467 sint,
721 414 993 470 reponendus
1025 421 1086 456 est
1117 414 1285 457 dativus
1317 419 1455 470 φρενί.

95 479 248 537 Neque
284 486 427 523 tamen
468 482 548 524 hoc
587 482 766 538 recepto
796 481 936 523 locum
971 497 1144 537 prorsus
1187 497 1278 525 esse
1317 498 1455 525 emen-

96 547 244 590 datum
275 550 528 604 putaverim.
587 548 770 592 Offendo
810 550 920 590 enim
967 549 1010 590 in
1056 549 1185 592 verbo
1231 551 1347 606 quod
1393 557 1455 593 est

96 616 339 671 προέσθαι,
394 617 531 672 quod,
576 630 828 673 quacunque
885 617 1047 658 ratione
1099 618 1313 673 explicas,
1362 633 1458 660 eam

95 697 198 738 prae
227 697 271 724 se
299 683 381 725 fert
411 686 594 740 speciem
625 684 744 740 quasi
764 684 959 726 Medeam
989 685 1201 740 poeniteat
1229 685 1452 740 professio-

96 750 186 803 nis,
235 765 323 792 non
367 752 427 793 ita
471 752 659 807 ipsorum
705 752 998 806 cogitatorum.
1071 751 1350 794 Scribendum
1393 759 1456 795 est

97 817 212 873 quod
258 819 478 873 proposuit
524 819 764 860 Badhamus
802 821 1057 873 προσέσθαι.
1118 819 1239 871 Quae
1277 821 1455 862 mutatio

95 883 300 926 facillima
348 892 419 939 est,
469 900 566 927 cum
611 892 773 928 constet
806 887 1052 941 saepissime
1081 887 1191 927 inter
1221 901 1266 928 se
1295 894 1456 930 mutata

34 947 37 949 ’
97 965 191 993 esse
220 968 378 1007 προ-
407 960 448 995 et
477 968 585 1009 προς
605 977 670 995 -.
728 953 793 997 Of.
824 953 958 994 Andr.
984 949 1078 996 993.
1111 953 1224 995 Med.
1256 951 1378 998 1345.
1399 981 1455 986 -

93 1018 245 1076 Neque
289 1022 379 1062 veri
425 1027 487 1063 est
530 1020 743 1072 dissimile,
789 1022 1008 1076 antiquum
1054 1022 1326 1077 interpretem
1373 1023 1455 1064 hoc

93 1086 271 1128 verbum
301 1089 527 1142 invenisse,
578 1103 761 1146 quocum
790 1087 943 1129 melius
973 1094 1086 1130 certe
1115 1091 1314 1131 convenit
1344 1089 1453 1131 illud

93 1151 288 1198 ἐνδοῦναι
318 1170 445 1212 quam
476 1171 571 1198 cum
599 1156 731 1198 verbo
763 1158 988 1211 προέσθαι.
1048 1156 1144 1207 Qua
1171 1157 1334 1211 ratione
1381 1172 1453 1199 ex-

91 1221 342 1277 plicandum
382 1224 435 1264 sit
474 1227 730 1278 προσέσθαι,
774 1229 951 1278 apparet
985 1239 1040 1265 ex
1070 1224 1228 1266 Electr.
1275 1241 1316 1270 V.
1348 1223 1453 1268 621:

91 1290 372 1347 προσηκάμην
400 1288 449 1332 τὸ
480 1289 625 1348 ῥηθέν,
654 1291 710 1333 ad
741 1305 865 1347 quem
894 1305 1064 1333 versum
1086 1292 1301 1335 Seidlerus
1333 1293 1455 1336 affert

91 1356 223 1398 verba
238 1358 467 1414 Hesychii:
499 1361 732 1414 προσίεται·
750 1355 981 1414 ἀρέσκεται.
1000 1361 1301 1414 προσδέχεται,
1323 1359 1454 1417 ἡδέως

0 1414 3 1415 ⁷
18 1424 21 1425 ⁷
91 1423 310 1479 λαμβάνει.
339 1451 396 1455 -

207 1491 406 1534 Ceterum
435 1491 552 1534 haud
582 1493 669 1534 scio
701 1507 756 1534 an
777 1492 988 1534 Badhami
1014 1495 1284 1549 conjecturae
1314 1501 1454 1537 aucto-

91 1559 191 1601 ritas
223 1560 432 1616 quaedam
462 1559 713 1601 concilietur
744 1575 798 1601 ex
817 1559 1020 1616 Hesychii
1041 1561 1182 1603 verbis
1205 1577 1314 1617 quae
1335 1568 1454 1603 sunt:

90 1630 348 1683 προσέσθαι.
390 1625 593 1670 ἐκδοῦναι.
656 1630 748 1679 Quo
789 1627 881 1668 loco
917 1641 1011 1668 cum
1041 1628 1098 1673 M.
1130 1629 1334 1674 Schmidt.
1370 1645 1458 1671 mu-

28 1694 33 1697 ’
90 1694 267 1749 tandum
301 1709 394 1737 esse
423 1701 594 1737 censeat
633 1698 876 1750 προσέσθαι
908 1696 952 1736 in
983 1699 1212 1751 προέσθαι,
1259 1697 1456 1753 equidem

93 1762 364 1804 scribendum
386 1776 478 1804 esse
497 1764 735 1818 putaverim
760 1765 1018 1817 προσέσθαι·
1047 1761 1257 1816 ἐνδοῦναι,
1286 1770 1333 1806 ut
1363 1778 1457 1806 con-

93 1836 248 1884 gruant
289 1830 419 1872 verba
449 1844 546 1872 cum
584 1829 744 1872 scholio
777 1829 831 1871 de
877 1845 960 1886 quo
1006 1832 1184 1886 agimus.
1243 1831 1329 1874 Sed
1361 1846 1457 1872 cum

93 1903 137 1939 et
167 1897 375 1939 scholium
405 1905 446 1940 et
473 1898 678 1955 Hesychii
698 1898 831 1939 verba
860 1899 1061 1940 mutanda
1090 1900 1185 1953 sint,
1215 1905 1264 1940 ut
1284 1913 1457 1941 consen-

94 1979 166 2006 sus
197 1964 417 2019 efficiatur,
463 1965 545 2007 hoc
590 1965 682 2007 loco
714 1980 802 2007 non
833 1966 929 2007 licet
968 1968 1154 2021 cogitare
1183 1967 1236 2008 de
1267 1966 1456 2021 Didymo

93 2039 280 2088 auctore,
310 2035 505 2090 quamvis
533 2047 637 2074 vera
666 2034 762 2086 sint,
794 2048 906 2089 quae
936 2035 1135 2089 exposuit
1163 2034 1220 2075 M.
1251 2033 1456 2075 Schmidt.

0 2116 31 2128 ¹-
91 2099 197 2145 Did.
237 2099 362 2156 frgm.
405 2116 447 2157 p.
478 2097 562 2143 272
607 2100 659 2142 de
697 2102 876 2150 ratione,
921 2116 1029 2157 quae
1072 2101 1306 2144 intercedat
1349 2103 1459 2143 inter

93 2166 256 2210 scholia
283 2174 324 2209 et
352 2168 618 2225 Hesychium
637 2171 681 2221 ¹).

212 2234 433 2278 Postremo
468 2235 656 2288 afferam,
686 2249 740 2276 ne
770 2236 863 2291 quis
883 2235 1070 2277 offendat
1100 2237 1144 2277 in
1173 2237 1305 2279 verbo
1332 2239 1464 2291 φρενί

96 2314 194 2343 cum
239 2302 505 2346 abundantia
552 2303 738 2359 quadam
782 2303 940 2357 addito,
988 2304 1171 2346 similem
1202 2304 1356 2358 locum,
1404 2303 1457 2345 ab

187 2463 220 2505 1)
245 2462 297 2495 cf.
321 2462 441 2497 Barth.
465 2462 488 2494 l.
514 2472 545 2494 a.
571 2472 603 2504 p.
628 2464 670 2496 27
697 2472 747 2504 sq.
794 2462 828 2495 J.
855 2462 959 2506 Frey,
986 2464 1038 2496 De
1063 2463 1191 2497 Aeseh.
1215 2462 1338 2498 scholl.
1364 2461 1457 2495 Med.

92 2528 129 2561 p.
150 2519 211 2558 26,

1234 2576 1256 2607 3
