1716 3017
946 165 1003 212 ‘20

292 308 381 339 τοις
413 288 501 334 οὐδ’
540 291 644 344 ἄγαν
678 290 801 347 σοφή.
841 297 934 348 (pro
967 287 1054 334 οὐδ’
1085 293 1199 348 quod.
1222 292 1378 348 legitur
1417 294 1463 334 in
1491 293 1583 334 cod.
1614 309 1652 336 a.

292 361 336 401 in
366 360 431 403 ed.
466 363 616 404 Arsen,
646 354 702 419 (I)
735 360 945 400 invenitur
970 361 1035 401 καὶ
1067 355 1172 413 οὐκ),

403 427 502 468 Jam
531 427 798 481 Musgravius
832 427 1071 482 suspicatus
1102 434 1176 480 est,
1209 427 1333 483 hujus
1356 425 1652 481 explicationis

294 502 510 537 auctorem
548 494 702 549 legisse
736 500 822 540 τοῖς
859 495 893 535 δ’
926 489 976 535 αὖ
1009 492 1254 550 προσάντης
1287 493 1374 547 εἰμὶ
1403 491 1501 535 κούκ
1531 493 1653 547 ἄγαν·
1715 525 1716 533 ,

292 561 424 618 σοφὴ,
469 578 597 618 quam
644 563 897 617 scripturam
940 564 1103 618 recepit
1145 561 1400 605 Brunckius.
1459 561 1653 604 Eandem

291 632 544 672 sententiam
594 631 770 686 exponit
817 629 1070 685 Hartungus
1117 629 1144 673 l.
1186 645 1222 671 a.
1263 645 1304 685 p.
1350 626 1447 672 252.
1504 629 1654 686 Neque

289 698 394 739 mihi
426 697 604 739 dubium
631 697 801 740 videtur
830 711 933 751 esse,
967 698 1071 752 quin
1091 698 1150 739 ita
1179 698 1393 753 scripserit
1412 697 1653 753 Euripides.

288 766 482 820 Apparet
512 766 623 807 enim
656 780 678 806 e
709 781 750 808 v.
781 762 875 816 304,
920 754 1119 807 Medeam
1157 766 1248 821 jam
1280 780 1343 818 ea,
1391 780 1501 821 quae
1528 772 1654 807 antea

289 833 445 874 dixerit
474 833 519 873 in
550 848 595 874 se
625 847 717 874 esse
747 833 1070 887 translaturam3
1097 835 1216 889 atqui
1238 840 1431 888 apertum
1465 839 1530 874 est
1561 848 1654 875 ver-

289 916 383 942 sum
412 897 497 943 305
524 901 784 956 respondere
809 900 1002 942 versibus
1030 897 1126 946 303,
1156 897 1261 954 3043
1289 901 1491 956 conjicias
1523 902 1654 956 igitur

290 968 471 1009 eandem
517 969 726 1010 rationem
768 969 1030 1011 intercedere
1061 970 1169 1011 inter
1199 984 1240 1010 v.
1270 965 1351 1011 30?
1387 975 1426 1010 et
1453 984 1523 1012 vv,
1555 966 1651 1013 300.

286 1033 368 1078 301
390 1039 432 1088 ¹).
493 1035 635 1087 Quam
664 1037 888 1090 rationem,
936 1044 983 1079 ut
1022 1036 1154 1079 verba
1185 1038 1229 1077 in
1260 1036 1477 1078 codicibus
1506 1036 1651 1091 legun-

285 1110 366 1153 tur,
399 1103 704 1157 desideramus,
735 1119 844 1154 cum,
878 1105 993 1161 quod
1023 1121 1064 1149 v.
1095 1102 1176 1147 301
1210 1104 1370 1147 dictum
1399 1110 1463 1145 est
1483 1119 1537 1145 ex
1559 1119 1652 1146 sen-

285 1172 417 1214 tentia
447 1186 594 1213 eorum
622 1173 696 1228 qui
725 1178 934 1214 vocantur
966 1175 1114 1223 σκαιοί,
1147 1173 1192 1214 id
1220 1188 1261 1214 v.
1285 1169 1369 1215 307
1397 1173 1490 1228 ipsa
1523 1171 1577 1213 de
1606 1186 1652 1213 se

286 1239 536 1295 profiteatur
564 1238 730 1284 Medea.
791 1240 912 1292 Quae
942 1240 1172 1282 difficultas
1195 1241 1295 1296 quia
1314 1239 1475 1281 tollitur
1502 1239 1650 1281 scholii

287 1307 470 1349 lectione
499 1314 683 1363 recepta,
715 1322 790 1349 cur
818 1309 926 1350 hanc
946 1310 1138 1366 rejiciant
1164 1309 1421 1350 recentiores
1452 1307 1648 1361 editores,

286 1390 373 1417 non
401 1375 609 1430 intelligo.
669 1376 769 1418 Noli
818 1378 932 1418 enim
965 1376 1180 1418 offendere
1220 1377 1266 1417 in
1298 1391 1361 1429 eo,
1412 1376 1527 1432 quod
1555 1390 1648 1417 ver-

285 1444 389 1486 bum
416 1444 506 1497 εἶμί
548 1445 592 1484 in
638 1444 787 1486 eodem
833 1445 1051 1487 enuntiato
1082 1445 1204 1486 brevi
1249 1445 1465 1501 interjecto
1511 1444 1648 1500 spatio

284 1513 501 1568 repetitur,
536 1513 737 1568 quoniam
767 1514 896 1555 talem
936 1513 1164 1555 verborum
1205 1513 1297 1554 sine
1341 1511 1427 1553 ullo
1457 1512 1649 1568 pondere

283 1582 652 1635 pronuntiatorum
696 1582 994 1638 repetitionem
1025 1580 1254 1636 Euripides
1300 1595 1388 1622 non
1430 1580 1538 1621 solet
1568 1580 1650 1620 evi-

283 1655 374 1689 tare
388 1649 434 1702 2).
495 1648 558 1690 Of.
592 1649 757 1691 Hecub.
793 1645 888 1693 848.
938 1646 1015 1691 οὐκ
1060 1647 1152 1691 ἔστι
1194 1648 1365 1705 θνητῶν
1412 1643 1526 1696 ὅστις
1563 1646 1647 1689 ἔστ’

282 1713 519 1772 ἐλεύθερος,
546 1711 573 1772 ἢ
601 1717 830 1773 χρημάτων
859 1715 936 1773 γὰρ
968 1715 1121 1763 δοῦλός
1150 1714 1268 1759 ἐστιν
1297 1710 1324 1772 ἢ
1353 1716 1491 1773 τύχης.

394 1783 448 1825 V.
475 1780 559 1826 421
590 1800 653 1841 sq.

450 1853 627 1894 Μοῦσαι
653 1854 701 1894 δὲ
729 1853 1017 1906 παλαιγενέων
1047 1851 1218 1909 λήξουσ’
1250 1849 1401 1895 ἀοιδᾶν

452 1917 528 1963 τὰν
549 1916 669 1979 8³5,ch
682 1918 889 1974 ὑμνεῦσαι
919 1917 1220 1963 ἄπιστοσύναν.

396 1988 430 2030 C
456 1984 630 2041 ἀοιδῶν,
660 1990 788 2030 ceteri
815 1986 979 2033 ἀοιδᾶν.
1038 1989 1215 2033 Kirchh.
1249 1987 1505 2029 scholiorum
1531 1988 1643 2030 testi-

281 2057 424 2098 monio
466 2056 708 2097 confirmari
748 2063 869 2112 putat
916 2053 1074 2099 ἀοιδᾶν.
1135 2057 1386 2111 Hal-tungris
1420 2057 1643 2112 antiquum

280 2125 553 2181 interpretem
584 2122 745 2171 ἀοιδαῖς
787 2124 942 2179 legisse
973 2125 1211 2167 arbitratur.
1274 2124 1463 2180 Uterque
1494 2138 1644 2166 vereor

279 2198 326 2234 ut
357 2199 470 2235 recte
499 2192 708 2234 scholium
740 2191 1027 2249 explicaverit.

370 2366 403 2407 1)
428 2365 579 2397 Versum
618 2364 683 2397 306
720 2365 878 2406 spurium
910 2375 986 2398 esse
1017 2365 1091 2406 jam
1128 2366 1314 2399 Piersonus
1352 2366 1443 2399 vidit
1479 2368 1641 2401 Verisim-

302 2445 310 2454 .
334 2422 390 2454 58.

276 2432 298 2464 Ρ
367 2481 401 2521 2)
426 2478 534 2511 Plura
559 2478 755 2520 hujusmodi
780 2480 938 2521 exempla
965 2480 1111 2522 collegit
1135 2480 1254 2522 Sybel,
1296 2480 1348 2513 De
1376 2483 1516 2523 repetit.
1543 2481 1639 2515 verb.

275 2536 310 2567 in
336 2535 405 2569 fab.
430 2535 549 2578 Eurip.
574 2548 608 2579 p.
635 2537 687 2568 17.
