1716 3017
763 116 820 163 39

226 244 304 286 His
335 243 532 286 omnihus
562 244 765 299 reputatis
795 243 898 285 mihi
919 243 1094 299 quidem
1124 257 1370 299 persuasum
1398 250 1475 298 est,

112 313 271 369 requiri
300 311 380 353 hoc
406 311 499 353 1000
531 325 623 353 eam
655 312 921 363 sententiam,
961 325 1070 368 quae
1099 317 1197 353 ante
1226 312 1371 353 oculos
1402 312 1473 353 ob-

113 384 283 422 versata
314 379 368 420 sit
386 378 600 420 veteribus
624 379 936 434 interpretibus.
996 380 1176 422 Prorsus
1199 378 1355 422 similia
1378 384 1475 422 sunt

115 461 224 503 quae
255 446 453 502 leguntur
483 445 613 490 Andr.
645 442 730 488 483
761 461 848 502 sq.:

861 513 922 556 ἔτι
956 525 1016 567 σε,
1046 511 1215 567 πότνια,

281 578 530 636 μετατροπὰ
561 581 682 623 τῶνδ’
714 580 880 624 ἔπεισιν
907 579 1047 636 ἔργων.
1079 606 1135 611 -

228 649 312 691 Sed
340 654 481 690 utrum
514 648 783 690 scribendum
816 650 868 690 sit
898 647 1209 705 ἀντιστροφὴν,
1256 648 1477 690 confirma-

113 723 204 760 tum
230 716 338 758 illud
361 716 532 772 quidem
559 716 712 758 Christ.
731 723 816 772 pat.
848 716 940 758 1000
975 716 1113 769 allato,
1147 716 1220 758 sed
1256 717 1371 773 quod
1394 732 1478 758 non

114 799 345 841 usurpasse
375 783 543 826 videtur
558 783 800 839 Euripides,⁴
837 799 891 824 an
910 783 1241 840 praeferendum
1272 780 1477 840 α’ναστρο-

115 851 201 909 φήν
221 852 289 904 (cf.
312 850 444 895 schol.
476 847 782 893 ἀντανάκλασιν
804 883 813 892 .
843 885 852 894 .
886 883 894 892 .
926 850 1351 908 ἑπαναστρεφομένην
1384 886 1393 895 .

115 918 491 975 ἀνακυκλουμένης)
521 920 565 960 in
597 918 727 961 dubio
758 919 1009 975 relinquam.
1044 945 1093 949 —-

658 1053 765 1096 θεοῦ
796 1055 831 1095 δ’
864 1053 1008 1108 αἱματι
1037 1054 1202 1097 πίτνειν

287 1120 424 1177 φόβος
452 1120 524 1164 ὑπ’
556 1118 730 1177 ἀνέρων.
767 1147 823 1152 —

232 1189 518 1232 Schenkelius
553 1189 660 1234 Nov‚
692 1189 844 1233 Annal.
878 1189 1027 1245 philol.
1060 1192 1100 1231 et
1129 1188 1252 1245 paed.
1285 1205 1321 1230 a,
1357 1187 1480 1234 1862.

119 1259 202 1302 vol.
233 1254 302 1302 85.
350 1272 390 1313 p.
421 1254 504 1299 849
542 1272 564 1298 e
609 1256 739 1301 schol.
775 1254 885 1300 1255
932 1257 1159 1310 concludit,
1208 1257 1483 1313 interpretem

120 1319 222 1381 αἷμα
249 1325 480 1369 invenisse.
540 1324 626 1366 Sed
653 1339 804 1366 vereor
834 1340 889 1366 ne
921 1325 1001 1366 hoc
1030 1331 1189 1366 temere
1229 1324 1386 1367 factum
1418 1327 1482 1367 sit.

121 1393 262 1436 Schol.
296 1408 340 1435 a:
371 1391 539 1446 αἳζιιατιε
567 1390 660 1435 ἀντὶ
690 1392 763 1435 τοῦ
792 1397 910 1446 γένει,
941 1398 1088 1448 aperte
1118 1398 1280 1447 spectat
1301 1393 1355 1434 ad
1378 1393 1482 1435 dati-

120 1477 232 1504 vum.
291 1461 443 1516 Neque
488 1461 591 1501 certi
631 1464 859 1517 quicquam
906 1461 1087 1502 efficitur
1132 1474 1154 1501 e
1195 1460 1334 1502 verbis
1376 1475 1484 1517 quae

120 1535 219 1571 sunt
249 1530 294 1570 in
322 1527 412 1571 cod.
445 1528 503 1569 B:
547 1522 650 1582 αἷμα
681 1529 729 1570 δὲ
760 1526 805 1571 τὸ
833 1533 956 1581 γένος.
1003 1527 1100 1570 ἐπεὶ
1131 1521 1205 1570 οὖν
1236 1527 1369 1583 φόβος
1398 1527 1487 1570 ἐστὶ

119 1595 168 1639 τὸ
198 1599 321 1639 θεῖον
364 1590 467 1649 αἷμα
513 1593 598 1638 ὑπὸ
643 1591 889 1651 ἀνθρώπων
933 1600 1083 1638 πεσεῖν
1128 1620 1179 1625 ——
1229 1610 1487 1652 quamquam

120 1664 228 1706 haee
273 1678 365 1705 esse
394 1663 620 1705 referenda
658 1663 713 1705 ad
742 1656 844 1717 αἷμα
877 1678 962 1705 non
993 1665 1083 1705 sine
1116 1663 1262 1718 aliqua
1293 1664 1484 1706 veritatis

123 1733 263 1789 specie
294 1732 508 1788 conjicias,

200 1821 202 1824 v
236 1799 438 1856 Ejusdem
469 1798 618 1840 scholii
636 1798 776 1839 verbis
807 1801 930 1840 θεῖον
951 1800 1053 1851 αἱμα
1079 1798 1258 1840 YVeilius
1287 1798 1366 1840 sibi
1387 1798 1488 1840 dicit

123 1882 216 1910 esse
262 1867 579 1924 suppeditatum
608 1866 789 1907 verbum
830 1863 1058 1921 ἄμβροτον.
1122 1865 1243 1918 Quae
1274 1867 1486 1908 sententia

125 1934 232 1977 nihil
279 1934 410 1977 habet
453 1948 536 1991 quo
585 1933 915 1986 commendetur,
963 1948 1057 1975 cum
1098 1934 1218 1976 nulla
1265 1949 1310 1975 re
1351 1934 1489 1989 prohi-

124 2003 323 2056 beamur,
378 2002 606 2059 quominus
655 2001 710 2043 ad
761 2002 869 2044 θεοῦ
920 2000 990 2043 vel
1038 2002 1153 2044 θεῶν
1206 2001 1312 2043 illud
1362 2004 1489 2044 θεῖον

124 2070 368 2114 referamus

669 2201 770 2254 ἕξελ’
801 2203 927 2246 οἴκων
960 2205 1109 2257 φονίαν

297 2271 496 2316 τάλαινάν
524 2272 557 2314 τ’
587 2267 751 2327 Ἐρινὺν
783 2266 858 2314 ὑπ’
889 2267 1153 2327 ἀλαστόρων.

243 2341 280 2382 Β
311 2338 466 2396 ἕρινῦν.
526 2339 668 2383 Schol.
714 2336 842 2382 1259:
894 2337 1069 2386 ὑπέξελε
1118 2339 1202 2380 τῶν
1248 2337 1371 2379 οἴκων
1415 2335 1492 2392 τὴν

128 2411 282 2464 φονίαν
317 2403 492 2464 Ἐρινύν.
555 2407 720 2460 Quibus
763 2407 904 2448 verbis
950 2406 1154 2463 explicari
1204 2406 1492 2448 accusativum

126 2475 290 2533 Ἐρινύν
311 2482 505 2533 apertum
527 2481 601 2519 est,
659 2474 809 2531 Neque
829 2474 949 2516 aliter
969 2473 1253 2531 judicandum
1275 2473 1327 2514 de
1358 2473 1491 2516 schol.
