<?xml version="1.0" encoding="UTF-8"?>
<!DOCTYPE html PUBLIC "-//W3C//DTD XHTML 1.0 Transitional//EN"
    "http://www.w3.org/TR/xhtml1/DTD/xhtml1-transitional.dtd">
<html xmlns="http://www.w3.org/1999/xhtml" xml:lang="en" lang="en">
 <head>
  <title>
</title>
<meta http-equiv="Content-Type" content="text/html;charset=utf-8" />
  <meta name='ocr-system' content='tesseract 3.04.00' />
  <meta name='ocr-capabilities' content='ocr_page ocr_carea ocr_par ocr_line ocrx_word'/>
</head>
<body>
  <div class='ocr_page' id='page_1' title='image "./quaestionisdesch00franuoft_0041.png"; bbox 0 0 1716 3017; ppageno 0'>
   <div class='ocr_carea' id='block_1_1' title="bbox 0 0 23 663">
    <p class='ocr_par' dir='ltr' id='par_1_1' title="bbox 0 0 23 663">
     <span class='ocr_line' id='line_1_1' title="bbox 0 0 23 663; baseline 0 2354"><span class='ocrx_word' id='word_1_1' title='bbox 0 0 23 663; x_wconf 95' lang='lat' dir='ltr'> </span> 
     </span>
    </p>
   </div>
   <div class='ocr_carea' id='block_1_2' title="bbox 726 153 782 200">
    <p class='ocr_par' dir='ltr' id='par_1_2' title="bbox 726 153 782 200">
     <span class='ocr_line' id='line_1_2' title="bbox 726 153 782 200; baseline 0 0"><span class='ocrx_word' id='word_1_2' title='bbox 726 153 782 200; x_wconf 85' lang='lat'>37</span> 
     </span>
    </p>
   </div>
   <div class='ocr_carea' id='block_1_3' title="bbox 72 279 1434 471">
    <p class='ocr_par' dir='ltr' id='par_1_3' title="bbox 72 279 1434 471">
     <span class='ocr_line' id='line_1_3' title="bbox 72 279 1434 336; baseline -0.001 -14"><span class='ocrx_word' id='word_1_3' title='bbox 72 280 188 322; x_wconf 82' lang='lat' dir='ltr'>niam</span> <span class='ocrx_word' id='word_1_4' title='bbox 219 285 307 321; x_wconf 87' lang='lat' dir='ltr'>tota</span> <span class='ocrx_word' id='word_1_5' title='bbox 337 279 626 335; x_wconf 80' lang='lat' dir='ltr'>interpretatio</span> <span class='ocrx_word' id='word_1_6' title='bbox 651 279 825 322; x_wconf 80' lang='lat' dir='ltr'>liberior</span> <span class='ocrx_word' id='word_1_7' title='bbox 856 284 919 321; x_wconf 82' lang='lat' dir='ltr'>est</span> <span class='ocrx_word' id='word_1_8' title='bbox 938 294 1078 336; x_wconf 87' lang='lat' dir='ltr'>neque</span> <span class='ocrx_word' id='word_1_9' title='bbox 1098 280 1157 321; x_wconf 86' lang='lat' dir='ltr'>ita</span> <span class='ocrx_word' id='word_1_10' title='bbox 1178 285 1434 335; x_wconf 79' lang='lat' dir='ltr'>comparata,</span> 
     </span>
     <span class='ocr_line' id='line_1_4' title="bbox 72 346 1431 403; baseline -0.001 -14"><span class='ocrx_word' id='word_1_11' title='bbox 72 354 120 389; x_wconf 88' lang='lat' dir='ltr'>ut</span> <span class='ocrx_word' id='word_1_12' title='bbox 145 347 325 389; x_wconf 88' lang='lat' dir='ltr'>verbum</span> <span class='ocrx_word' id='word_1_13' title='bbox 355 346 488 389; x_wconf 89' lang='lat' dir='ltr'>verbo</span> <span class='ocrx_word' id='word_1_14' title='bbox 529 346 743 400; x_wconf 83' lang='lat' dir='ltr'><strong>reddatur,</strong></span> <span class='ocrx_word' id='word_1_15' title='bbox 787 347 830 388; x_wconf 89' lang='lat' dir='ltr'>id</span> <span class='ocrx_word' id='word_1_16' title='bbox 862 346 975 403; x_wconf 89' lang='lat' dir='ltr'>quod</span> <span class='ocrx_word' id='word_1_17' title='bbox 1007 362 1094 389; x_wconf 88' lang='lat' dir='ltr'>non</span> <span class='ocrx_word' id='word_1_18' title='bbox 1124 361 1215 390; x_wconf 89' lang='lat' dir='ltr'>esse</span> <span class='ocrx_word' id='word_1_19' title='bbox 1246 353 1431 403; x_wconf 88' lang='lat' dir='ltr'>praeter-</span> 
     </span>
     <span class='ocr_line' id='line_1_5' title="bbox 73 410 877 471; baseline 0.004 -15"><span class='ocrx_word' id='word_1_20' title='bbox 73 414 325 456; x_wconf 89' lang='lat' dir='ltr'>mittendum</span> <span class='ocrx_word' id='word_1_21' title='bbox 357 414 545 463; x_wconf 84' lang='lat' dir='ltr'>vidimus</span> <span class='ocrx_word' id='word_1_22' title='bbox 579 429 708 471; x_wconf 88' lang='lat' dir='ltr'>supra</span> <span class='ocrx_word' id='word_1_23' title='bbox 737 429 779 470; x_wconf 88' lang='lat' dir='ltr'>p.</span> <span class='ocrx_word' id='word_1_24' title='bbox 810 410 877 459; x_wconf 82' lang='lat'>13.</span> 
     </span>
    </p>
   </div>
   <div class='ocr_carea' id='block_1_4' title="bbox 185 523 918 650">
    <p class='ocr_par' dir='ltr' id='par_1_4' title="bbox 185 523 918 650">
     <span class='ocr_line' id='line_1_6' title="bbox 185 523 401 571; baseline 0 -2"><span class='ocrx_word' id='word_1_25' title='bbox 185 526 238 569; x_wconf 89' lang='lat' dir='ltr'>V.</span> <span class='ocrx_word' id='word_1_26' title='bbox 269 523 401 571; x_wconf 82' lang='grc' dir='ltr'><strong>119οε</strong></span> 
     </span>
     <span class='ocr_line' id='line_1_7' title="bbox 240 590 918 650; baseline -0.004 -13"><span class='ocrx_word' id='word_1_27' title='bbox 240 597 446 648; x_wconf 78' lang='grc' dir='ltr'><em>γναθμοῖς</em></span> <span class='ocrx_word' id='word_1_28' title='bbox 474 590 644 650; x_wconf 80' lang='grc' dir='ltr'><em>ἀδήλοις</em></span> <span class='ocrx_word' id='word_1_29' title='bbox 673 593 918 650; x_wconf 75' lang='grc' dir='ltr'><em>φαρμάκων.</em></span> 
     </span>
    </p>
   </div>
   <div class='ocr_carea' id='block_1_5' title="bbox 186 680 1433 740">
    <p class='ocr_par' dir='ltr' id='par_1_5' title="bbox 186 680 1433 740">
     <span class='ocr_line' id='line_1_8' title="bbox 186 680 1433 740; baseline 0 -13"><span class='ocrx_word' id='word_1_30' title='bbox 186 684 330 727; x_wconf 83' lang='lat' dir='ltr'>Schol.</span> <span class='ocrx_word' id='word_1_31' title='bbox 355 681 487 727; x_wconf 79' lang='lat'>1201:</span> <span class='ocrx_word' id='word_1_32' title='bbox 518 687 720 738; x_wconf 73' lang='grc' dir='ltr'><em>γναθμοῖς</em></span> <span class='ocrx_word' id='word_1_33' title='bbox 751 680 944 740; x_wconf 69' lang='grc' dir='ltr'><em>ἀδήλοιςε</em></span> <span class='ocrx_word' id='word_1_34' title='bbox 975 683 1017 725; x_wconf 79' lang='grc' dir='ltr'><em>αἱ</em></span> <span class='ocrx_word' id='word_1_35' title='bbox 1045 683 1095 725; x_wconf 82' lang='grc' dir='ltr'>δὲ</span> <span class='ocrx_word' id='word_1_36' title='bbox 1126 682 1286 739; x_wconf 83' lang='grc' dir='ltr'><em>σάρκες,</em></span> <span class='ocrx_word' id='word_1_37' title='bbox 1316 686 1433 740; x_wconf 81' lang='grc' dir='ltr'><em>φησὶ,</em></span> 
     </span>
    </p>
   </div>
   <div class='ocr_carea' id='block_1_6' title="bbox 0 747 1434 807">
    <p class='ocr_par' dir='ltr' id='par_1_6' title="bbox 0 747 1434 807">
     <span class='ocr_line' id='line_1_9' title="bbox 0 747 1434 807; baseline 0 -11"><span class='ocrx_word' id='word_1_38' title='bbox 0 777 1 780; x_wconf 37' lang='lat'>¹</span> <span class='ocrx_word' id='word_1_39' title='bbox 71 753 157 796; x_wconf 80' lang='grc' dir='ltr'><em>τῶν</em></span> <span class='ocrx_word' id='word_1_40' title='bbox 185 754 388 805; x_wconf 73' lang='grc' dir='ltr'><em>γναθμῶν</em></span> <span class='ocrx_word' id='word_1_41' title='bbox 416 756 638 806; x_wconf 79' lang='grc' dir='ltr'><em>κατέρρεον</em></span> <span class='ocrx_word' id='word_1_42' title='bbox 666 747 752 793; x_wconf 81' lang='grc' dir='ltr'>ὑπὸ</span> <span class='ocrx_word' id='word_1_43' title='bbox 781 750 863 793; x_wconf 78' lang='grc' dir='ltr'><em>τῶν</em></span> <span class='ocrx_word' id='word_1_44' title='bbox 892 747 1160 807; x_wconf 83' lang='grc' dir='ltr'><em>ἀδηλοποιῶν</em></span> <span class='ocrx_word' id='word_1_45' title='bbox 1188 753 1434 806; x_wconf 83' lang='grc' dir='ltr'><em>φαρμάκων.</em></span> 
     </span>
    </p>
   </div>
   <div class='ocr_carea' id='block_1_7' title="bbox 65 814 1440 2566">
    <p class='ocr_par' dir='ltr' id='par_1_7' title="bbox 73 814 847 875">
     <span class='ocr_line' id='line_1_10' title="bbox 73 814 847 875; baseline -0.001 -12"><span class='ocrx_word' id='word_1_46' title='bbox 73 815 222 875; x_wconf 77' lang='grc' dir='ltr'><em>δοτικὴ</em></span> <span class='ocrx_word' id='word_1_47' title='bbox 249 821 298 861; x_wconf 81' lang='grc' dir='ltr'>δὲ</span> <span class='ocrx_word' id='word_1_48' title='bbox 326 814 418 861; x_wconf 81' lang='grc' dir='ltr'><em>ἀντὶ</em></span> <span class='ocrx_word' id='word_1_49' title='bbox 444 820 604 874; x_wconf 83' lang='grc' dir='ltr'><em>γενικῆς</em></span> <span class='ocrx_word' id='word_1_50' title='bbox 634 819 847 874; x_wconf 81' lang='grc' dir='ltr'><em>γράφεται.</em></span> 
     </span>
    </p>

    <p class='ocr_par' dir='ltr' id='par_1_8' title="bbox 65 882 1436 1147">
     <span class='ocr_line' id='line_1_11' title="bbox 185 882 1435 943; baseline 0 -15"><span class='ocrx_word' id='word_1_51' title='bbox 185 886 390 942; x_wconf 87' lang='lat' dir='ltr'>Elmslejo</span> <span class='ocrx_word' id='word_1_52' title='bbox 417 888 625 943; x_wconf 81' lang='lat' dir='ltr'>interpres</span> <span class='ocrx_word' id='word_1_53' title='bbox 644 886 797 942; x_wconf 79' lang='lat' dir='ltr'>legisse</span> <span class='ocrx_word' id='word_1_54' title='bbox 822 885 1014 929; x_wconf 85' lang='lat' dir='ltr'>videtur:</span> <span class='ocrx_word' id='word_1_55' title='bbox 1045 889 1248 940; x_wconf 69' lang='grc' dir='ltr'><em>γναθμοῐς</em></span> <span class='ocrx_word' id='word_1_56' title='bbox 1268 882 1435 941; x_wconf 78' lang='grc' dir='ltr'><em>ἀδήλων</em></span> 
     </span>
     <span class='ocr_line' id='line_1_12' title="bbox 74 949 1430 1010; baseline -0.001 -14"><span class='ocrx_word' id='word_1_57' title='bbox 74 953 317 1009; x_wconf 82' lang='grc' dir='ltr'><em>φαρμάκων,</em></span> <span class='ocrx_word' id='word_1_58' title='bbox 349 954 547 996; x_wconf 89' lang='lat' dir='ltr'>Reiskio:</span> <span class='ocrx_word' id='word_1_59' title='bbox 575 957 778 1007; x_wconf 77' lang='grc' dir='ltr'><em>γναθμοῑς</em></span> <span class='ocrx_word' id='word_1_60' title='bbox 809 949 983 1010; x_wconf 84' lang='grc' dir='ltr'><em>ἀδήλοις</em></span> <span class='ocrx_word' id='word_1_61' title='bbox 999 953 1246 1009; x_wconf 76' lang='grc' dir='ltr'><em>φαρμάκων,</em></span> <span class='ocrx_word' id='word_1_62' title='bbox 1279 953 1430 995; x_wconf 84' lang='lat' dir='ltr'>Kireh-</span> 
     </span>
     <span class='ocr_line' id='line_1_13' title="bbox 72 1016 1436 1077; baseline 0 -14"><span class='ocrx_word' id='word_1_63' title='bbox 72 1022 228 1064; x_wconf 89' lang='lat' dir='ltr'>hoffio:</span> <span class='ocrx_word' id='word_1_64' title='bbox 257 1024 467 1075; x_wconf 78' lang='grc' dir='ltr'><em>γναθμοῖς</em></span> <span class='ocrx_word' id='word_1_65' title='bbox 486 1016 654 1077; x_wconf 77' lang='grc' dir='ltr'><em>α’δήλοις</em></span> <span class='ocrx_word' id='word_1_66' title='bbox 675 1019 922 1076; x_wconf 84' lang='grc' dir='ltr'><em>φαρμάκοις,</em></span> <span class='ocrx_word' id='word_1_67' title='bbox 946 1021 1059 1077; x_wconf 91' lang='lat' dir='ltr'>quod</span> <span class='ocrx_word' id='word_1_68' title='bbox 1080 1023 1283 1076; x_wconf 80' lang='lat' dir='ltr'>scriptum</span> <span class='ocrx_word' id='word_1_69' title='bbox 1305 1020 1436 1063; x_wconf 88' lang='lat' dir='ltr'>fuisse</span> 
     </span>
     <span class='ocr_line' id='line_1_14' title="bbox 65 1088 615 1147; baseline -0.005 -15"><span class='ocrx_word' id='word_1_70' title='bbox 65 1089 232 1147; x_wconf 81' lang='lat' dir='ltr'>judicat</span> <span class='ocrx_word' id='word_1_71' title='bbox 260 1090 304 1130; x_wconf 93' lang='lat' dir='ltr'>in</span> <span class='ocrx_word' id='word_1_72' title='bbox 334 1088 615 1144; x_wconf 88' lang='lat' dir='ltr'>autographo.</span> 
     </span>
    </p>

    <p class='ocr_par' dir='ltr' id='par_1_9' title="bbox 71 1156 1438 1752">
     <span class='ocr_line' id='line_1_15' title="bbox 187 1156 1436 1213; baseline 0 -15"><span class='ocrx_word' id='word_1_73' title='bbox 187 1157 256 1199; x_wconf 89' lang='lat' dir='ltr'>Ex</span> <span class='ocrx_word' id='word_1_74' title='bbox 287 1158 381 1213; x_wconf 87' lang='lat' dir='ltr'>ipsa</span> <span class='ocrx_word' id='word_1_75' title='bbox 411 1156 720 1212; x_wconf 87' lang='lat' dir='ltr'>interpretandi</span> <span class='ocrx_word' id='word_1_76' title='bbox 740 1157 904 1198; x_wconf 87' lang='lat' dir='ltr'>ratione</span> <span class='ocrx_word' id='word_1_77' title='bbox 931 1157 1207 1212; x_wconf 80' lang='lat' dir='ltr'>interpretem</span> <span class='ocrx_word' id='word_1_78' title='bbox 1234 1157 1436 1213; x_wconf 82' lang='lat' dir='ltr'>conjicias</span> 
     </span>
     <span class='ocr_line' id='line_1_16' title="bbox 73 1221 1436 1280; baseline -0.001 -13"><span class='ocrx_word' id='word_1_79' title='bbox 73 1225 227 1280; x_wconf 86' lang='lat' dir='ltr'>legisse</span> <span class='ocrx_word' id='word_1_80' title='bbox 256 1224 460 1277; x_wconf 70' lang='grc' dir='ltr'><em>γναθμῶν</em></span> <span class='ocrx_word' id='word_1_81' title='bbox 491 1221 662 1280; x_wconf 80' lang='grc' dir='ltr'><em>ἀδήλοις</em></span> <span class='ocrx_word' id='word_1_82' title='bbox 692 1222 941 1279; x_wconf 83' lang='grc' dir='ltr'><em>φαρμάκοις,</em></span> <span class='ocrx_word' id='word_1_83' title='bbox 975 1239 1071 1265; x_wconf 87' lang='lat' dir='ltr'>oum</span> <span class='ocrx_word' id='word_1_84' title='bbox 1105 1230 1310 1280; x_wconf 84' lang='lat' dir='ltr'>appareat</span> <span class='ocrx_word' id='word_1_85' title='bbox 1340 1238 1436 1265; x_wconf 89' lang='lat' dir='ltr'>eum</span> 
     </span>
     <span class='ocr_line' id='line_1_17' title="bbox 74 1289 1437 1348; baseline -0.002 -13"><span class='ocrx_word' id='word_1_86' title='bbox 74 1289 289 1346; x_wconf 75' lang='grc' dir='ltr'><em>γναθμούς</em></span> <span class='ocrx_word' id='word_1_87' title='bbox 334 1291 533 1333; x_wconf 86' lang='lat' dir='ltr'>maxillas</span> <span class='ocrx_word' id='word_1_88' title='bbox 578 1291 850 1335; x_wconf 80' lang='lat' dir='ltr'>intellexisse.</span> <span class='ocrx_word' id='word_1_89' title='bbox 913 1291 999 1334; x_wconf 85' lang='lat' dir='ltr'>Sed</span> <span class='ocrx_word' id='word_1_90' title='bbox 1030 1292 1206 1334; x_wconf 89' lang='lat' dir='ltr'>dubium</span> <span class='ocrx_word' id='word_1_91' title='bbox 1237 1297 1300 1333; x_wconf 87' lang='lat' dir='ltr'>est</span> <span class='ocrx_word' id='word_1_92' title='bbox 1334 1290 1437 1348; x_wconf 93' lang='lat' dir='ltr'>quid</span> 
     </span>
     <span class='ocr_line' id='line_1_18' title="bbox 74 1355 1438 1415; baseline -0.001 -14"><span class='ocrx_word' id='word_1_93' title='bbox 74 1359 318 1415; x_wconf 81' lang='lat' dir='ltr'>significent</span> <span class='ocrx_word' id='word_1_94' title='bbox 348 1359 479 1401; x_wconf 87' lang='lat' dir='ltr'>verba</span> <span class='ocrx_word' id='word_1_95' title='bbox 512 1373 622 1415; x_wconf 85' lang='lat' dir='ltr'>quae</span> <span class='ocrx_word' id='word_1_96' title='bbox 651 1359 796 1401; x_wconf 90' lang='lat' dir='ltr'>addita</span> <span class='ocrx_word' id='word_1_97' title='bbox 826 1365 924 1401; x_wconf 86' lang='lat' dir='ltr'>sunt</span> <span class='ocrx_word' id='word_1_98' title='bbox 960 1355 1105 1415; x_wconf 84' lang='grc' dir='ltr'><em>δοτικὴ</em></span> <span class='ocrx_word' id='word_1_99' title='bbox 1135 1359 1182 1401; x_wconf 79' lang='grc' dir='ltr'>δὲ</span> <span class='ocrx_word' id='word_1_100' title='bbox 1209 1355 1304 1402; x_wconf 82' lang='grc' dir='ltr'><em>ἀντὶ</em></span> <span class='ocrx_word' id='word_1_101' title='bbox 1334 1373 1438 1412; x_wconf 89' lang='grc' dir='ltr'><em>γενι-</em></span> 
     </span>
     <span class='ocr_line' id='line_1_19' title="bbox 71 1426 1438 1483; baseline -0.002 -12"><span class='ocrx_word' id='word_1_102' title='bbox 71 1429 144 1483; x_wconf 78' lang='grc' dir='ltr'><em>κῆς</em></span> <span class='ocrx_word' id='word_1_103' title='bbox 173 1428 391 1482; x_wconf 79' lang='grc' dir='ltr'><em>γράφεται.</em></span> <span class='ocrx_word' id='word_1_104' title='bbox 450 1426 495 1468; x_wconf 86' lang='lat' dir='ltr'>Si</span> <span class='ocrx_word' id='word_1_105' title='bbox 530 1441 679 1468; x_wconf 81' lang='lat' dir='ltr'>verum</span> <span class='ocrx_word' id='word_1_106' title='bbox 709 1433 818 1468; x_wconf 87' lang='lat' dir='ltr'>esset</span> <span class='ocrx_word' id='word_1_107' title='bbox 849 1426 964 1483; x_wconf 89' lang='lat' dir='ltr'>quod</span> <span class='ocrx_word' id='word_1_108' title='bbox 1004 1427 1160 1481; x_wconf 86' lang='lat' dir='ltr'>legitur</span> <span class='ocrx_word' id='word_1_109' title='bbox 1192 1428 1236 1468; x_wconf 91' lang='lat' dir='ltr'>in</span> <span class='ocrx_word' id='word_1_110' title='bbox 1266 1426 1331 1468; x_wconf 94' lang='lat' dir='ltr'>ed.</span> <span class='ocrx_word' id='word_1_111' title='bbox 1362 1430 1438 1468; x_wconf 92' lang='lat' dir='ltr'>Ar·</span> 
     </span>
     <span class='ocr_line' id='line_1_20' title="bbox 75 1494 1438 1550; baseline 0.001 -15"><span class='ocrx_word' id='word_1_112' title='bbox 75 1494 248 1536; x_wconf 87' lang='lat' dir='ltr'>seniana</span> <span class='ocrx_word' id='word_1_113' title='bbox 271 1498 483 1550; x_wconf 77' lang='grc' dir='ltr'><em>κέχρήται,</em></span> <span class='ocrx_word' id='word_1_114' title='bbox 515 1495 724 1550; x_wconf 86' lang='lat' dir='ltr'>interpres</span> <span class='ocrx_word' id='word_1_115' title='bbox 747 1494 962 1536; x_wconf 86' lang='lat' dir='ltr'>invenisse</span> <span class='ocrx_word' id='word_1_116' title='bbox 989 1494 1207 1536; x_wconf 86' lang='lat' dir='ltr'>videretur</span> <span class='ocrx_word' id='word_1_117' title='bbox 1228 1497 1438 1548; x_wconf 74' lang='grc' dir='ltr'><em>γναθμοῖς</em></span> 
     </span>
     <span class='ocr_line' id='line_1_21' title="bbox 73 1559 1437 1618; baseline -0.001 -15"><span class='ocrx_word' id='word_1_118' title='bbox 73 1559 245 1618; x_wconf 83' lang='grc' dir='ltr'><em>ἀδήλοις</em></span> <span class='ocrx_word' id='word_1_119' title='bbox 272 1560 517 1617; x_wconf 86' lang='grc' dir='ltr'><em>φαρμάκοις.</em></span> <span class='ocrx_word' id='word_1_120' title='bbox 578 1561 664 1604; x_wconf 85' lang='lat' dir='ltr'>Sed</span> <span class='ocrx_word' id='word_1_121' title='bbox 686 1576 849 1603; x_wconf 88' lang='lat' dir='ltr'>summo</span> <span class='ocrx_word' id='word_1_122' title='bbox 864 1562 963 1617; x_wconf 87' lang='lat' dir='ltr'>jure</span> <span class='ocrx_word' id='word_1_123' title='bbox 981 1562 1088 1604; x_wconf 92' lang='lat' dir='ltr'>illud</span> <span class='ocrx_word' id='word_1_124' title='bbox 1111 1567 1307 1618; x_wconf 79' lang='grc' dir='ltr'><em>κέχρηται</em></span> <span class='ocrx_word' id='word_1_125' title='bbox 1328 1561 1437 1603; x_wconf 93' lang='lat' dir='ltr'>Din-</span> 
     </span>
     <span class='ocr_line' id='line_1_22' title="bbox 74 1628 1437 1685; baseline 0.001 -15"><span class='ocrx_word' id='word_1_126' title='bbox 74 1628 207 1671; x_wconf 89' lang='lat' dir='ltr'>dorfio</span> <span class='ocrx_word' id='word_1_127' title='bbox 234 1629 468 1685; x_wconf 82' lang='lat' dir='ltr'>profectum</span> <span class='ocrx_word' id='word_1_128' title='bbox 487 1645 578 1672; x_wconf 85' lang='lat' dir='ltr'>esse</span> <span class='ocrx_word' id='word_1_129' title='bbox 598 1629 763 1671; x_wconf 90' lang='lat' dir='ltr'>videtur</span> <span class='ocrx_word' id='word_1_130' title='bbox 782 1643 834 1670; x_wconf 91' lang='lat' dir='ltr'>ex</span> <span class='ocrx_word' id='word_1_131' title='bbox 857 1630 1101 1685; x_wconf 79' lang='lat' dir='ltr'>conjectura</span> <span class='ocrx_word' id='word_1_132' title='bbox 1122 1630 1305 1683; x_wconf 87' lang='lat' dir='ltr'>Arsenii‚</span> <span class='ocrx_word' id='word_1_133' title='bbox 1340 1644 1437 1671; x_wconf 85' lang='lat' dir='ltr'>oum</span> 
     </span>
     <span class='ocr_line' id='line_1_23' title="bbox 73 1694 808 1752; baseline 0.005 -15"><span class='ocrx_word' id='word_1_134' title='bbox 73 1697 118 1737; x_wconf 91' lang='lat' dir='ltr'>in</span> <span class='ocrx_word' id='word_1_135' title='bbox 146 1695 269 1740; x_wconf 71' lang='lat' dir='ltr'>coch</span> <span class='ocrx_word' id='word_1_136' title='bbox 287 1696 363 1751; x_wconf 18' lang='lat' dir='ltr'>*Ba</span> <span class='ocrx_word' id='word_1_137' title='bbox 391 1697 556 1752; x_wconf 86' lang='lat' dir='ltr'>legatur</span> <span class='ocrx_word' id='word_1_138' title='bbox 586 1694 808 1752; x_wconf 71' lang='grc' dir='ltr'><em>γράφεται.</em></span> 
     </span>
    </p>

    <p class='ocr_par' dir='ltr' id='par_1_10' title="bbox 74 1763 1440 2358">
     <span class='ocr_line' id='line_1_24' title="bbox 187 1763 1438 1821; baseline 0.001 -15"><span class='ocrx_word' id='word_1_139' title='bbox 187 1763 282 1815; x_wconf 76' lang='lat' dir='ltr'>Quo</span> <span class='ocrx_word' id='word_1_140' title='bbox 311 1764 442 1806; x_wconf 89' lang='lat' dir='ltr'>verbo</span> <span class='ocrx_word' id='word_1_141' title='bbox 471 1766 672 1821; x_wconf 90' lang='lat' dir='ltr'>quoniam</span> <span class='ocrx_word' id='word_1_142' title='bbox 692 1770 840 1806; x_wconf 90' lang='lat' dir='ltr'>notum</span> <span class='ocrx_word' id='word_1_143' title='bbox 870 1771 933 1806; x_wconf 89' lang='lat' dir='ltr'>est</span> <span class='ocrx_word' id='word_1_144' title='bbox 953 1764 1130 1805; x_wconf 80' lang='lat' dir='ltr'>indicari</span> <span class='ocrx_word' id='word_1_145' title='bbox 1152 1779 1205 1805; x_wconf 92' lang='lat' dir='ltr'>ex</span> <span class='ocrx_word' id='word_1_146' title='bbox 1228 1765 1438 1807; x_wconf 84' lang='lat' dir='ltr'>constanti</span> 
     </span>
     <span class='ocr_line' id='line_1_25' title="bbox 74 1831 1438 1888; baseline 0.001 -15"><span class='ocrx_word' id='word_1_147' title='bbox 74 1837 266 1874; x_wconf 86' lang='lat' dir='ltr'>veterum</span> <span class='ocrx_word' id='word_1_148' title='bbox 296 1833 573 1888; x_wconf 88' lang='lat' dir='ltr'>interpretum</span> <span class='ocrx_word' id='word_1_149' title='bbox 594 1846 673 1874; x_wconf 89' lang='lat' dir='ltr'>usu</span> <span class='ocrx_word' id='word_1_150' title='bbox 701 1831 894 1874; x_wconf 85' lang='lat' dir='ltr'>lectionis</span> <span class='ocrx_word' id='word_1_151' title='bbox 914 1833 1178 1884; x_wconf 75' lang='lat' dir='ltr'>varietatem,</span> <span class='ocrx_word' id='word_1_152' title='bbox 1210 1832 1319 1875; x_wconf 88' lang='lat' dir='ltr'>duae</span> <span class='ocrx_word' id='word_1_153' title='bbox 1340 1847 1438 1875; x_wconf 86' lang='lat' dir='ltr'>con-</span> 
     </span>
     <span class='ocr_line' id='line_1_26' title="bbox 74 1896 1439 1957; baseline 0.001 -16"><span class='ocrx_word' id='word_1_154' title='bbox 74 1899 199 1941; x_wconf 87' lang='lat' dir='ltr'>tineri</span> <span class='ocrx_word' id='word_1_155' title='bbox 219 1899 379 1942; x_wconf 84' lang='lat' dir='ltr'>scholio</span> <span class='ocrx_word' id='word_1_156' title='bbox 399 1899 600 1941; x_wconf 88' lang='lat' dir='ltr'>videntur</span> <span class='ocrx_word' id='word_1_157' title='bbox 623 1899 837 1953; x_wconf 81' lang='lat' dir='ltr'>lectiones,</span> <span class='ocrx_word' id='word_1_158' title='bbox 868 1899 1002 1941; x_wconf 84' lang='lat' dir='ltr'>altera</span> <span class='ocrx_word' id='word_1_159' title='bbox 1032 1900 1234 1953; x_wconf 75' lang='grc' dir='ltr'><em>γναθμῶν</em></span> <span class='ocrx_word' id='word_1_160' title='bbox 1264 1896 1439 1957; x_wconf 86' lang='grc' dir='ltr'><em>ἀδήλοις</em></span> 
     </span>
     <span class='ocr_line' id='line_1_27' title="bbox 75 1963 1438 2025; baseline 0 -16"><span class='ocrx_word' id='word_1_161' title='bbox 75 1965 322 2022; x_wconf 85' lang='grc' dir='ltr'><em>φαρμάκοις,</em></span> <span class='ocrx_word' id='word_1_162' title='bbox 368 1966 503 2009; x_wconf 85' lang='lat' dir='ltr'>altera</span> <span class='ocrx_word' id='word_1_163' title='bbox 547 1969 754 2021; x_wconf 68' lang='grc' dir='ltr'><em>γναθμοῑς</em></span> <span class='ocrx_word' id='word_1_164' title='bbox 785 1963 953 2023; x_wconf 83' lang='grc' dir='ltr'><em>ἀδήλοις</em></span> <span class='ocrx_word' id='word_1_165' title='bbox 982 1966 1230 2023; x_wconf 85' lang='grc' dir='ltr'><em>φαρμάκοις,</em></span> <span class='ocrx_word' id='word_1_166' title='bbox 1276 1969 1311 2010; x_wconf 90' lang='lat' dir='ltr'>si</span> <span class='ocrx_word' id='word_1_167' title='bbox 1348 1969 1438 2025; x_wconf 89' lang='lat' dir='ltr'>qui-</span> 
     </span>
     <span class='ocr_line' id='line_1_28' title="bbox 77 2034 1440 2092; baseline 0.001 -16"><span class='ocrx_word' id='word_1_168' title='bbox 77 2034 174 2076; x_wconf 90' lang='lat' dir='ltr'>dem</span> <span class='ocrx_word' id='word_1_169' title='bbox 220 2040 444 2092; x_wconf 88' lang='lat' dir='ltr'>utramque</span> <span class='ocrx_word' id='word_1_170' title='bbox 487 2034 600 2077; x_wconf 88' lang='lat' dir='ltr'>idem</span> <span class='ocrx_word' id='word_1_171' title='bbox 647 2036 854 2091; x_wconf 85' lang='lat' dir='ltr'>interpres</span> <span class='ocrx_word' id='word_1_172' title='bbox 896 2034 1113 2077; x_wconf 79' lang='lat' dir='ltr'>indicavit.</span> <span class='ocrx_word' id='word_1_173' title='bbox 1173 2035 1299 2088; x_wconf 76' lang='lat' dir='ltr'>Quod</span> <span class='ocrx_word' id='word_1_174' title='bbox 1343 2051 1440 2078; x_wconf 85' lang='lat' dir='ltr'>oum</span> 
     </span>
     <span class='ocr_line' id='line_1_29' title="bbox 75 2102 1439 2159; baseline 0.001 -16"><span class='ocrx_word' id='word_1_175' title='bbox 75 2104 285 2145; x_wconf 81' lang='lat' dir='ltr'>incertum</span> <span class='ocrx_word' id='word_1_176' title='bbox 318 2103 382 2157; x_wconf 88' lang='lat' dir='ltr'>sit,</span> <span class='ocrx_word' id='word_1_177' title='bbox 412 2102 662 2158; x_wconf 87' lang='lat' dir='ltr'>ambiguum</span> <span class='ocrx_word' id='word_1_178' title='bbox 694 2108 769 2156; x_wconf 82' lang='lat' dir='ltr'>est,</span> <span class='ocrx_word' id='word_1_179' title='bbox 798 2103 899 2159; x_wconf 91' lang='lat' dir='ltr'>quid</span> <span class='ocrx_word' id='word_1_180' title='bbox 934 2103 1087 2158; x_wconf 85' lang='lat' dir='ltr'>legerit</span> <span class='ocrx_word' id='word_1_181' title='bbox 1120 2104 1154 2145; x_wconf 91' lang='lat' dir='ltr'>is</span> <span class='ocrx_word' id='word_1_182' title='bbox 1177 2105 1249 2159; x_wconf 91' lang='lat' dir='ltr'>qui</span> <span class='ocrx_word' id='word_1_183' title='bbox 1272 2104 1439 2146; x_wconf 88' lang='lat' dir='ltr'>addidit</span> 
     </span>
     <span class='ocr_line' id='line_1_30' title="bbox 75 2169 1438 2227; baseline 0.001 -16"><span class='ocrx_word' id='word_1_184' title='bbox 75 2169 207 2211; x_wconf 83' lang='lat' dir='ltr'>verba</span> <span class='ocrx_word' id='word_1_185' title='bbox 250 2169 398 2226; x_wconf 82' lang='grc' dir='ltr'><em>δοτική</em></span> <span class='ocrx_word' id='word_1_186' title='bbox 440 2169 523 2220; x_wconf 79' lang='grc' dir='ltr'>κτὲ,</span> <span class='ocrx_word' id='word_1_187' title='bbox 573 2172 730 2227; x_wconf 89' lang='lat' dir='ltr'>quippe</span> <span class='ocrx_word' id='word_1_188' title='bbox 777 2185 887 2227; x_wconf 88' lang='lat' dir='ltr'>quae</span> <span class='ocrx_word' id='word_1_189' title='bbox 935 2172 1100 2227; x_wconf 89' lang='lat' dir='ltr'>possint</span> <span class='ocrx_word' id='word_1_190' title='bbox 1148 2178 1337 2227; x_wconf 80' lang='lat' dir='ltr'>spectare</span> <span class='ocrx_word' id='word_1_191' title='bbox 1383 2171 1438 2213; x_wconf 86' lang='lat' dir='ltr'>ad</span> 
     </span>
     <span class='ocr_line' id='line_1_31' title="bbox 77 2234 1439 2295; baseline 0.001 -16"><span class='ocrx_word' id='word_1_192' title='bbox 77 2234 250 2293; x_wconf 83' lang='grc' dir='ltr'><em>ἀδήλοις</em></span> <span class='ocrx_word' id='word_1_193' title='bbox 293 2252 460 2295; x_wconf 88' lang='lat' dir='ltr'>quoque</span> <span class='ocrx_word' id='word_1_194' title='bbox 510 2253 588 2294; x_wconf 88' lang='lat' dir='ltr'>pro</span> <span class='ocrx_word' id='word_1_195' title='bbox 632 2236 809 2294; x_wconf 82' lang='grc' dir='ltr'><em>ἀδήλων,</em></span> <span class='ocrx_word' id='word_1_196' title='bbox 858 2237 927 2280; x_wconf 92' lang='lat' dir='ltr'>vel</span> <span class='ocrx_word' id='word_1_197' title='bbox 955 2239 1195 2294; x_wconf 86' lang='grc' dir='ltr'><em>φαρμάκοις</em></span> <span class='ocrx_word' id='word_1_198' title='bbox 1225 2253 1303 2294; x_wconf 86' lang='lat' dir='ltr'>pro</span> <span class='ocrx_word' id='word_1_199' title='bbox 1334 2254 1439 2294; x_wconf 83' lang='grc' dir='ltr'><em>φαρ-</em></span> 
     </span>
     <span class='ocr_line' id='line_1_32' title="bbox 76 2303 318 2358; baseline 0.008 -13"><span class='ocrx_word' id='word_1_200' title='bbox 76 2303 232 2358; x_wconf 83' lang='grc' dir='ltr'><em>μάκων.</em></span> <span class='ocrx_word' id='word_1_201' title='bbox 264 2330 318 2336; x_wconf 83' lang='grc'><strong>-</strong></span> 
     </span>
    </p>

    <p class='ocr_par' dir='ltr' id='par_1_11' title="bbox 78 2372 1439 2566">
     <span class='ocr_line' id='line_1_33' title="bbox 192 2372 1439 2429; baseline 0.002 -15"><span class='ocrx_word' id='word_1_202' title='bbox 192 2372 392 2415; x_wconf 81' lang='lat' dir='ltr'>Ceterum</span> <span class='ocrx_word' id='word_1_203' title='bbox 418 2372 612 2415; x_wconf 84' lang='lat' dir='ltr'>lectionis</span> <span class='ocrx_word' id='word_1_204' title='bbox 642 2375 824 2416; x_wconf 85' lang='lat' dir='ltr'>varietas</span> <span class='ocrx_word' id='word_1_205' title='bbox 855 2378 957 2416; x_wconf 88' lang='lat' dir='ltr'>nata</span> <span class='ocrx_word' id='word_1_206' title='bbox 987 2379 1049 2415; x_wconf 91' lang='lat' dir='ltr'>est</span> <span class='ocrx_word' id='word_1_207' title='bbox 1080 2388 1133 2415; x_wconf 88' lang='lat' dir='ltr'>ex</span> <span class='ocrx_word' id='word_1_208' title='bbox 1162 2373 1439 2429; x_wconf 87' lang='lat' dir='ltr'>ambiguitate</span> 
     </span>
     <span class='ocr_line' id='line_1_34' title="bbox 78 2439 1438 2498; baseline 0.001 -16"><span class='ocrx_word' id='word_1_209' title='bbox 78 2439 199 2482; x_wconf 85' lang='lat' dir='ltr'>verbi</span> <span class='ocrx_word' id='word_1_210' title='bbox 228 2439 432 2494; x_wconf 76' lang='grc' dir='ltr'><em>γναθμός,</em></span> <span class='ocrx_word' id='word_1_211' title='bbox 479 2455 738 2498; x_wconf 86' lang='lat' dir='ltr'>quamquam</span> <span class='ocrx_word' id='word_1_212' title='bbox 786 2442 884 2484; x_wconf 90' lang='lat' dir='ltr'>satis</span> <span class='ocrx_word' id='word_1_213' title='bbox 915 2447 1108 2498; x_wconf 86' lang='lat' dir='ltr'>apertum</span> <span class='ocrx_word' id='word_1_214' title='bbox 1140 2446 1202 2484; x_wconf 87' lang='lat' dir='ltr'>est</span> <span class='ocrx_word' id='word_1_215' title='bbox 1231 2441 1314 2484; x_wconf 82' lang='lat' dir='ltr'>hoo</span> <span class='ocrx_word' id='word_1_216' title='bbox 1343 2442 1438 2484; x_wconf 83' lang='lat' dir='ltr'>loeo</span> 
     </span>
     <span class='ocr_line' id='line_1_35' title="bbox 78 2506 1438 2566; baseline 0.002 -17"><span class='ocrx_word' id='word_1_217' title='bbox 78 2506 378 2564; x_wconf 87' lang='lat' dir='ltr'>intelligendos</span> <span class='ocrx_word' id='word_1_218' title='bbox 411 2522 502 2550; x_wconf 88' lang='lat' dir='ltr'>esse</span> <span class='ocrx_word' id='word_1_219' title='bbox 527 2523 705 2564; x_wconf 86' lang='lat' dir='ltr'>morsus,</span> <span class='ocrx_word' id='word_1_220' title='bbox 736 2524 822 2552; x_wconf 89' lang='lat' dir='ltr'>non</span> <span class='ocrx_word' id='word_1_221' title='bbox 847 2509 1059 2564; x_wconf 81' lang='lat' dir='ltr'>maxillas,</span> <span class='ocrx_word' id='word_1_222' title='bbox 1091 2510 1294 2566; x_wconf 87' lang='lat' dir='ltr'>quoniam</span> <span class='ocrx_word' id='word_1_223' title='bbox 1323 2509 1438 2553; x_wconf 91' lang='lat' dir='ltr'>unde</span> 
     </span>
    </p>
   </div>
  </div>
 </body>
</html>
