1716 3017
919 150 977 196 22

379 277 433 328 V„
465 273 550 319 526
581 290 643 331 sq.
660 295 668 315 2

439 344 507 386 σοὶ
538 343 574 384 δ’
604 341 693 385 ἔστι
721 344 802 396 μὲν
833 346 930 391 νοῦς
962 344 1133 397 λεπτός,
1164 339 1252 386 ἀλλ’
1281 343 1520 398 ἐπίφθονος

439 409 554 464 λόγος
585 411 786 464 διελθεῖν,
818 409 872 458 ὦς
896 409 1026 466 Ἔρως
1057 413 1094 453 σ’
1122 409 1332 466 ἠνάγκασε
1361 413 1446 457 κτλ.

382 478 525 521 Schol.
558 474 663 521 529:
712 475 855 525 ἄλλως.
898 477 1001 532 ἐμὸς
1031 478 1171 531 λόγος,
1205 480 1323 535 φησι,
1352 475 1507 526 λεπτὸς
1538 481 1632 534 μὲν,

270 547 509 602 ἐπίφθονος
538 544 595 594 δὲ,
641 549 834 588 τουτέστι
863 545 1251 602 φθονηθησὸμενος
1282 546 1371 600 μὲν,
1401 548 1633 601 δυνάμενος

269 615 316 657 δὲ
340 615 537 657 διαδῦναι
555 611 720 658 παντὸς
749 613 822 654 τοῦ
851 613 1006 665 ἰσχνοῦ.
1069 613 1210 666 Quam
1241 615 1632 670 interpretationem

271 688 439 725 secutus
472 681 721 735 Hartungus
752 681 778 724 l.
802 697 838 723 a.
869 696 909 737 p.
931 678 1014 725 253
1046 682 1217 737 conjicit
1248 683 1451 737 scriptum
1479 683 1631 725 fuisse:

385 747 407 791 δ
438 749 475 791 δ’
510 746 599 790 ἔστι
628 753 708 801 μέν
737 764 812 802 μοι
843 748 1015 803 λεπτὸς,
1044 745 1130 792 ἀλλ’
1163 748 1403 804 ἐπίφθονος
1432 751 1517 794 κτλ.

271 833 380 874 quae
406 816 537 858 verba
565 815 749 858 Weilius
778 818 953 872 recepit

382 884 472 926 Nec
502 890 641 939 potest
668 886 832 939 negari,
860 884 1191 940 explicationem
1212 883 1345 937 illam,
1380 885 1459 925 nisi
1480 883 1633 925 falsam

271 968 365 995 eam
390 967 482 993 esse
502 952 732 1007 putaveris,
760 952 815 993 ad
845 952 951 994 haec
972 952 1059 992 fere
1080 951 1212 992 verba
1241 966 1332 992 esse
1352 951 1632 996 referendam.

270 1021 421 1077 Neque
442 1026 585 1061 tamen
611 1021 815 1075 sequitur,
847 1019 953 1061 haec
975 1033 1068 1060 esse
1089 1018 1330 1074 Euripidea,
1362 1034 1458 1060 cum
1486 1019 1634 1061 verbo-

273 1103 381 1141 rum,
427 1101 537 1143 quae
581 1088 623 1127 in
654 1088 870 1129 codicibus
899 1093 1067 1129 servata
1097 1093 1208 1138 sunt,
1252 1086 1385 1127 multo
1417 1087 1555 1142 aptior
1584 1088 1637 1128 sit

273 1155 495 1198 sententia.
542 1153 650 1196 Nam
669 1156 703 1196 si
724 1170 872 1197 revera
893 1170 952 1205 ea,
981 1169 1089 1210 quae
1109 1155 1147 1194 ei
1175 1153 1322 1195 tribuit
1340 1153 1450 1195 Hart
1466 1187 1476 1208 ‚
1501 1154 1635 1196 Jason

274 1223 444 1275 diceret,
476 1222 592 1263 haud
614 1223 672 1264 ita
693 1222 846 1264 callide
866 1237 956 1264 rem
978 1223 1226 1264 institueret.
1287 1222 1352 1263 Ea
1384 1224 1496 1263 enim
1526 1237 1637 1278 quae

273 1291 395 1333 affert
437 1289 491 1331 ad
523 1289 703 1331 Medeae
733 1305 837 1345 erga
886 1292 1024 1346 ipsum
1056 1289 1206 1330 merita
1236 1289 1444 1331 elevanda
1472 1296 1637 1332 tantum

274 1359 406 1411 abest,
451 1364 495 1399 ut
523 1363 673 1413 argute
704 1359 944 1414 excogitata
983 1372 1076 1398 esse
1117 1372 1291 1399 necesse
1323 1358 1384 1410 sit,
1430 1364 1475 1398 ut
1503 1356 1637 1399 multo

274 1427 476 1483 majorem
498 1425 682 1467 habeant
704 1427 1011 1477 auctoritatem,
1042 1426 1077 1466 si
1101 1425 1321 1482 perfacilia
1343 1426 1428 1467 sint
1450 1426 1636 1480 cognitu.

276 1494 436 1536 Contra
475 1494 635 1549 optima
681 1494 910 1536 verborum
956 1495 999 1533 in
1032 1493 1248 1535 codicibus
1294 1493 1544 1534 traditorum
1577 1499 1639 1534 est

276 1561 496 1614 sententia,
546 1576 674 1617 quam
713 1562 905 1603 homines
939 1561 1049 1603 docti
1081 1561 1184 1602 mihi
1216 1576 1300 1603 non
1334 1562 1434 1602 satis
1466 1575 1637 1617 perspe-

275 1630 391 1670 xisse
415 1629 628 1673 videntur.
666 1629 743 1671 Est
763 1636 905 1671 autem
934 1630 1039 1671 haec
1068 1630 1177 1671 fere:
1209 1629 1277 1670 Tu
1309 1628 1495 1684 quidem,
1531 1643 1640 1684 quae

277 1703 340 1738 est
365 1697 576 1751 sagacitas
613 1702 700 1750 tua,
734 1697 857 1740 facile
887 1696 1104 1751 intelligis,
1138 1712 1223 1753 qua
1255 1712 1300 1738 re
1332 1701 1543 1737 commota
1571 1711 1638 1736 me

277 1764 513 1806 servaveris
559 1758 666 1824 (vim
709 1765 805 1806 dico
838 1766 1038 1806 invictam
1073 1765 1271 1820 amoris),
1320 1763 1395 1806 sed
1425 1763 1567 1804 taedet
1596 1769 1638 1805 te

275 1832 356 1873 hoc
388 1831 592 1873 confiteri.

388 1899 534 1941 Verba
564 1900 694 1955 igitur
726 1914 836 1955 quae
878 1906 975 1941 sunt
1019 1897 1258 1953 ἐπίφθονος
1303 1898 1422 1952 λόγος
1452 1900 1640 1942 διελθεῖν

277 1973 469 2024 spectant
497 1967 551 2008 ad
582 1981 644 2019 ea,
690 1981 800 2022 quae
830 1967 982 2008 Medea
1015 1966 1192 2008 consilio
1224 1982 1310 2008 non
1342 1981 1641 2009 commemora·

275 2036 350 2088 vit,
392 2034 500 2075 falso
545 2034 785 2075 referuntur
820 2049 843 2075 a
875 2034 1048 2076 Klotzio
1079 2041 1120 2075 et
1151 2034 1318 2075 Bauero
1349 2034 1396 2089 (l.
1428 2049 1466 2079 a,
1498 2050 1538 2090 p.
1572 2034 1640 2086 15)

275 2103 330 2145 ad
361 2102 577 2146 Jasonem.
636 2101 706 2142 Ad
739 2116 865 2157 quam
900 2116 993 2143 mea
1038 2102 1210 2158 quidem
1256 2103 1466 2143 sententia
1495 2117 1640 2143 veram

278 2171 611 2227 explicationem
643 2169 840 2211 ducimur
879 2170 939 2211 eis
975 2184 1082 2225 quae
1113 2169 1369 2211 antecedunt
1398 2167 1546 2226 ἐπειδὴ
1575 2171 1642 2212 καὶ

275 2239 369 2280 λίαν
412 2243 587 2291 πυργοῐς
632 2236 769 2291 χάριν.
846 2237 968 2289 Quae
1024 2239 1118 2293 ipsa
1164 2238 1296 2278 nimia
1341 2236 1642 2279 beneficiorum

277 2307 513 2348 aestimatio
561 2306 700 2361 posita
745 2312 807 2346 est
848 2305 891 2345 in
931 2319 1003 2358 eo,
1047 2305 1161 2361 quod
1209 2304 1362 2346 Medea
1406 2319 1450 2345 se
1492 2311 1642 2360 sponte

275 2374 477 2416 Jasonem
500 2388 523 2414 e
545 2371 747 2429 periculis
770 2374 975 2428 eripuisse
1007 2372 1277 2424 simulaverit,
1312 2371 1644 2414 dissimulaverit

276 2456 420 2484 veram
452 2441 753 2483 beneficiorum
785 2455 969 2494 causam,
1002 2441 1165 2497 quippe
1199 2454 1325 2496 quam
1358 2454 1572 2496 exponere
1606 2440 1644 2480 ei

278 2511 331 2552 sit
360 2510 479 2563 λόγος
503 2507 743 2564 ἐπίφθονος
773 2509 977 2551 διελθεῖν.
1036 2507 1201 2551 Eadem
1215 2509 1307 2564 jam
1330 2507 1407 2550 fuit
1435 2507 1644 2550 sententia
