1716 3017
730 135 788 182 45

77 265 253 317 pretem,
285 262 358 316 qui
386 262 421 304 si
441 261 615 317 legisset
635 261 681 305 ἐν
712 268 824 304 σοῖσι
852 264 1065 315 γαμβροῖς,
1095 259 1149 302 ad
1170 260 1278 302 haec
1308 260 1437 303 verba

79 327 335 384 explicanda
363 330 439 371 vix
469 335 713 372 annotasset
741 329 799 385 τῷ
829 329 1129 383 Νεοπτολέμῳ.
1162 354 1214 358 -

192 395 245 439 V.
275 393 381 438 611:

618 461 842 519 ἐκφέρουσι
873 460 949 518 γὰρ

247 525 407 586 umet?
437 525 594 586 ὀνείδη.

191 597 346 638 Nescio
377 611 432 638 an
462 596 613 652 legerit
641 598 889 652 εἰσφέρουσι
924 612 1001 653 pro
1033 596 1254 652 ἐκφέρουσι
1293 602 1440 638 auctor

78 664 455 720 interpretationis,
484 679 594 720 quae
623 671 789 707 servata
820 672 882 707 est
911 667 955 706 in
985 665 1078 707 cod.
1112 664 1168 704 A:
1195 664 1441 718 εἰσφέρουσι

79 727 172 773 ἀντὶ
221 733 295 773 τοῦ
343 731 560 785 κομίζουσι
613 732 667 774 τὰ
714 734 889 788 μητρῷα
932 730 1193 787 βουλεύματα
1242 730 1300 777 εἰς
1344 729 1441 777 τοὺς

79 797 247 852 γάμους.

195 866 281 907 Sed
313 880 406 908 cum
436 867 531 922 ipsa
560 867 850 922 interpretatio
885 867 1063 923 quadret
1093 868 1135 907 in
1179 881 1228 908 ea
1258 880 1439 923 quoque,

82 947 192 989 quae
221 932 421 988 leguntur
449 934 492 974 in
520 933 748 985 codicibus,
781 936 920 991 ipsum
948 940 1088 976 autem
1120 934 1299 976 verbum
1328 933 1441 989 quod

82 1005 146 1042 est
176 999 423 1055 εἰσφέρουσι
442 1050 448 1057 ⁸
468 1000 668 1043 facillime
695 1004 876 1057 potuerit
921 1003 1133 1057 corrumpi
1164 1016 1186 1042 e
1214 1001 1345 1043 verbo
1378 999 1440 1042 ἕκ-

79 1070 268 1122 φέρουσι,
299 1070 547 1123 praesertim
579 1069 624 1109 in
652 1068 837 1122 scholiis,
869 1084 977 1125 quae
999 1070 1100 1110 satis
1122 1068 1327 1110 mendosa
1349 1082 1441 1109 esse

81 1140 259 1188 constat,
303 1135 429 1192 hujus
459 1136 608 1178 scholii
640 1139 932 1178 auctoritatem
960 1142 1075 1192 patet
1104 1151 1191 1178 non
1223 1151 1315 1177 esse
1336 1150 1440 1188 eam,

82 1216 167 1258 qua
194 1201 291 1244 freti
320 1209 532 1246 mutemus
577 1219 629 1246 ea
660 1218 769 1260 quae
801 1203 998 1259 leguntur
1029 1205 1073 1244 in
1105 1204 1336 1256 codicibus,
1379 1208 1441 1244 ut-

74 1277 180 1326 -pote
210 1285 321 1327 quae
349 1270 515 1313 nullam
546 1271 732 1314 habeant
763 1287 911 1314 ansam
944 1271 1284 1327 reprehensionis
1331 1295 1382 1299 -η-

619 1406 659 1448 εἰ
688 1403 738 1448 σὺ
770 1408 904 1449 παῖδα
932 1403 1010 1462 σὴν

249 1473 350 1520 δούς
375 1489 435 1530 τῳ
464 1474 661 1528 πολιτῶν,
692 1469 765 1516 εἶτ’
791 1474 951 1526 ἔπασχε
981 1474 1125 1516 τοιάδε
1153 1474 1240 1516 κτλ.

193 1541 393 1582 Reiskius
434 1547 616 1582 metrum
660 1542 881 1597 negligens
923 1542 1051 1582 scribi
1082 1542 1217 1583 voluit
1244 1541 1441 1593 ἔπασχες.

81 1607 202 1660 Quae
246 1608 393 1661 forma,
447 1609 537 1650 sine
575 1608 704 1650 dubio
749 1609 880 1662 falsa,
931 1611 1145 1651 invenitur
1186 1611 1229 1650 in
1271 1609 1443 1650 scholiis

80 1690 264 1732 quoque,
294 1676 367 1718 ubi
398 1678 501 1732 quin
531 1676 722 1733 profecta
752 1678 805 1718 sit
835 1691 857 1718 e
890 1677 1043 1718 mendo
1076 1678 1324 1732 scripturae,
1357 1692 1442 1718 non

81 1749 146 1786 est
175 1743 367 1796 dubium,
409 1745 522 1800 quia,
563 1745 597 1786 si
625 1759 774 1785 revera
804 1744 977 1799 legisset
1009 1746 1214 1800 interpres
1244 1743 1442 1795 ἔπασχες,

79 1825 168 1853 non
210 1812 447 1867 scripsisset
493 1827 543 1853 ea
590 1826 698 1868 quae
742 1812 1023 1853 antecedunt:
1068 1807 1119 1864 ἦν
1164 1812 1199 1854 δ’
1231 1807 1283 1853 ἂν
1314 1805 1444 1857 οὕτως

78 1879 307 1932 λεγόμενον
337 1877 642 1934 ἁπλούστερον·
678 1878 718 1920 εἰ
743 1880 890 1924 δόντος
925 1881 1000 1920 σοῦ
1029 1894 1112 1921 τινι
1141 1880 1226 1923 κτλ.

191 1946 336 1988 Verba
365 1961 474 2003 quae
502 1953 630 1991 sunt.
666 1982 671 1989 .
710 1982 717 1991 .
753 1948 892 1988 λείπει
921 1942 970 1988 τὸ
1001 1944 1217 1999 ἐτύγχανες
1247 1951 1441 2002 apertum

81 2019 144 2056 est
173 2020 364 2070 spectare
396 2013 451 2055 ad
482 2029 544 2063 ea,
579 2029 688 2070 quae
720 2020 886 2055 servata
920 2019 1017 2055 sunt
1049 2015 1094 2055 in
1123 2014 1354 2058 codicibus.
1388 2040 1440 2044 —

247 2145 464 2203 ἀνειμένον
498 2165 538 2191 τι
566 2149 708 2205 χρῆμα
737 2148 990 2203 πρεσβυτῶν
1016 2153 1143 2200 γένος.

190 2217 241 2258 In
273 2216 396 2258 codd.
417 2215 644 2258 BOEabcd
671 2216 825 2271 legitur
845 2215 1097 2271 πρεσβυτῶν
1126 2215 1221 2270 ἔφυ.
1282 2216 1441 2257 Contra

76 2283 254 2326 verbum
299 2288 436 2337 γένος,
484 2283 599 2340 quod
646 2289 709 2324 est
751 2284 794 2324 in
835 2283 956 2325 codd.
990 2282 1122 2336 ABG,
1169 2283 1442 2325 confirmatur

77 2351 252 2394 Stobaei
284 2346 345 2412 (fl.
367 2348 461 2395 116.
492 2348 560 2395 37.
591 2350 669 2391 III.
703 2365 744 2406 p.
774 2347 873 2402 381)
907 2355 947 2391 et
978 2349 1235 2392 scholiorum
1265 2352 1442 2392 auctori—

77 2424 164 2462 tate
196 2414 346 2473 (schol,
378 2416 483 2462 727:
531 2415 554 2460 ὅ
587 2418 636 2460 δὲ
665 2418 776 2472 νοῦς,
825 2414 1007 2474 γαληνὸν
1047 2416 1095 2460 τὸ
1123 2419 1208 2460 τῶν
1235 2416 1442 2474 γερόντων

77 2487 224 2544 γένος),
253 2501 334 2530 nec
354 2501 441 2529 non
460 2486 615 2543 legitur
635 2487 681 2528 in
704 2486 846 2531 Cram.
869 2486 1019 2529 anecd.
1043 2486 1183 2529 Oxon.
1205 2486 1259 2527 II.
1282 2501 1323 2543 p.
1345 2482 1441 2529 427.
