1716 3017
691 137 744 181 13

42 264 220 317 videtur,
264 277 365 305 num
408 263 651 318 fragmentis
696 262 779 303 illis
820 262 947 304 liceat
976 263 1037 303 uti
1068 261 1121 303 ad
1149 275 1398 317 graecorum

39 337 259 388 poetarum
285 331 417 373 verba
449 331 723 373 restituenda.
785 367 787 369 .

3 398 8 442 i
152 398 424 440 Manifestum
459 403 533 451 est,
580 399 756 440 alteram
799 398 1024 439 lectionum
1059 397 1225 439 illarum
1256 403 1399 440 natam

40 481 132 508 esse
177 482 230 509 ex
277 466 407 508 verbo
454 467 633 521 margini
665 455 858 521 ascripto,
906 480 1038 521 quare
1080 479 1137 506 ea
1169 465 1397 521 Euripiden

39 533 230 590 putanda
250 539 325 587 est,
357 548 465 590 quae
494 533 661 574 facilius
682 533 779 575 talis
807 533 1101 589 explicationis
1123 547 1270 574 ansam
1298 533 1399 575 dare

38 602 186 656 potuit.
231 601 351 652 Quae
378 601 479 642 mihi
500 601 714 657 reputanti
732 615 982 656 persuasum
1009 606 1085 653 est,
1116 600 1172 642 ab
1193 600 1400 656 Euripide

39 670 242 724 scriptum
283 683 375 710 esse
415 670 666 725 δεσποίνης,
723 668 836 724 quod
890 674 1140 724 receperunt
1186 668 1311 710 Weil.
1360 673 1400 708 et

38 736 275 778 Kirchhoff.
306 737 349 777 in
381 737 446 781 ed.
474 752 509 780 a.
543 733 666 779 1867.

151 804 229 846 His
258 805 502 860 praemissis
529 805 619 861 jam
651 807 765 861 ipsas
796 805 1056 846 scholiorum
1088 805 1226 847 varias
1257 804 1397 846 lectio-

37 886 113 914 nes
142 873 380 915 accuratius
410 873 714 915 examinemus.

144 1115 184 1161 1.
256 1112 326 1160 De
359 1113 500 1162 variis
538 1112 819 1161 lectionibus
856 1130 974 1178 quae
1009 1114 1056 1161 in
1093 1114 1296 1177 antiquis

421 1204 813 1268 explicationibus
848 1205 1008 1253 latent.

145 1338 214 1380 Ad
245 1352 455 1394 quaenam
482 1338 615 1380 verba
648 1338 844 1394 singulae
882 1339 1255 1395 interpretationes
1292 1339 1396 1381 refe-

32 1407 189 1449 rendae
230 1407 326 1459 sint,
362 1406 607 1462 conjectura
650 1421 725 1448 nos
758 1408 927 1463 assequi
958 1421 1132 1449 necesse
1163 1413 1237 1450 est.
1300 1407 1397 1459 Qua

31 1476 73 1517 in
103 1490 149 1516 re
179 1475 260 1516 nisi
291 1486 498 1515 summam
528 1473 733 1516 adhibeas
763 1476 1015 1525 cautionem,
1045 1475 1284 1532 periculum
1320 1482 1396 1528 est,

31 1558 86 1585 ne
116 1549 278 1585 tantum
311 1541 434 1594 absit,
458 1547 510 1583 ut
530 1548 680 1598 poetae
701 1543 832 1585 verba
854 1544 1067 1596 emendeS‚
1101 1549 1147 1585 ut
1172 1544 1394 1599 depraves,

147 1610 273 1664 Quod
305 1624 399 1650 cum
430 1611 488 1652 ita
519 1612 584 1663 sit,
615 1625 787 1667 operam
810 1627 877 1653 me
898 1626 984 1652 non
1017 1626 1109 1653 esse
1130 1611 1396 1666 perditurum

30 1685 146 1735 puto,
180 1680 214 1720 si
240 1678 387 1734 paucis
419 1692 654 1733 exponam,
695 1694 803 1735 quae
833 1679 937 1721 mihi
965 1680 1008 1720 in
1036 1679 1115 1721 hac
1146 1680 1396 1736 quaestione

31 1748 220 1788 maxime
251 1760 343 1788 esse
374 1734 641 1787 observanda
673 1746 912 1789 videantur.

144 1815 287 1871 Atque
331 1814 516 1869 primum
564 1815 750 1855 animum
802 1815 996 1857 intendas
1037 1830 1213 1858 necesse
1243 1823 1308 1858 est
1339 1816 1395 1857 ad

29 1883 251 1935 rationem,
302 1896 387 1937 qua
418 1881 600 1937 singulis
632 1881 733 1923 locis
766 1889 917 1937 poetae
945 1883 1079 1925 verba
1110 1884 1393 1940 explicentur,

29 1956 171 1992 utrum
212 1951 421 2005 interpres
466 1949 635 2005 singula
679 1950 818 1991 minus
866 1952 1098 2007 respiciens
1143 1953 1266 1994 totius
1312 1952 1393 1994 loci

32 2018 258 2059 adumbret
288 2018 540 2060 sententiam
586 2032 640 2059 an
672 2019 802 2060 artius
836 2020 1160 2077 accuratiusque
1193 2025 1395 2076 sequatur

29 2086 163 2128 verba
179 2084 408 2142 explicata.
467 2085 593 2137 Quod
621 2100 717 2127 cum
738 2087 1016 2142 neglexisset,
1046 2090 1089 2129 in
1123 2102 1308 2130 errorem
1335 2090 1393 2130 in-

29 2153 132 2195 cidit
160 2153 397 2206 Elmsleius,
429 2155 500 2210 qui
529 2153 638 2196 Med.
660 2151 728 2196 86.
757 2169 832 2210 pro
861 2156 937 2197 τοῦ
961 2156 1090 2203 πέλας
1118 2156 1393 2198 scribendum

31 2235 121 2263 esse
165 2226 279 2263 ratus
326 2222 411 2264 τῶν
455 2222 586 2268 πέλας
632 2223 901 2278 conjecturae
947 2238 1049 2266 suae
1094 2229 1391 2280 argumentum

29 2289 179 2346 petivit
208 2304 264 2331 ex
296 2289 436 2331 verbis
481 2289 655 2343 scholii,
702 2305 809 2346 quae
840 2298 936 2334 sunt
965 2288 1056 2335 οἷον
1086 2290 1182 2347 ἄρτι
1212 2291 1393 2346 ἔγνωκας

30 2353 98 2399 ὅτι
128 2355 302 2404 ἑαυτοὺς
329 2358 491 2412 μᾶλλον
511 2358 705 2412 φιλοῦσιν
733 2353 873 2414 ἢτούς
900 2361 1042 2408 πέλας.
1102 2360 1232 2416 Fugit
1257 2360 1391 2402 homi-

28 2438 126 2466 nem
170 2424 491 2479 doctissimum‚
536 2425 589 2467 ab
635 2427 866 2482 interprete
913 2427 1125 2484 pluralem
1167 2443 1391 2471 numerum

29 2490 140 2545 (τούς
168 2493 316 2548 πέλας)
366 2496 549 2550 positum
595 2509 710 2546 esse,
758 2496 858 2550 quia
903 2503 1030 2538 antea
1076 2512 1153 2553 pro
1185 2496 1391 2551 singulari
