1716 3017
5 360 22 401 ,νη
3 276 26 347 οχ’-“”
6 217 18 254 ›ax-

0 483 19 670 ‘sswm‘v-J‘

0 1141 4 1149 “
0 1103 4 1110 -
0 1088 4 1096 v
0 1055 6 1081 ¹*
0 1039 10 1047 r
0 1005 13 1031 ’,ζᾼ
0 977 8 994 τί
0 674 22 961 '7W·5'-91=L'‘k‘,vr“t··5?r

777 151 833 197 53

125 282 322 334 θατέρωι,
348 278 385 320 Β
417 273 616 330 ἀνάγκαιν
648 272 672 334 ἦ
703 281 883 335 θατέρῳ,
917 278 992 321 ΟΕ
1023 274 1219 332 ἀνάγκαιν
1252 276 1274 336 ἢ
1306 283 1490 337 θατέρῳ,

125 363 150 389 a
176 362 199 388 e
220 361 327 392 corr.
356 342 579 398 ἀναγκαῖον
599 343 796 401 θάτερον,
829 347 854 387 b
884 343 1085 402 ἀνάγκαῆ
1110 349 1292 404 θατέρῳ,
1327 363 1348 389 c
1370 344 1490 402 ἀνάγ-

123 429 216 457 καιν
234 410 261 471 ἢ
280 417 464 470 θατέρῳ,
496 413 524 454 d.
552 411 778 467 ἀναγκαῖον
810 408 835 470 ἢ
863 413 1064 470 θάτερον,
1095 415 1138 455 Β
1159 412 1329 469 ἀνάγκιν
1359 417 1390 472 (-
1420 431 1445 472 η
1468 431 1490 457 e

125 497 298 528 eornm.
318 483 420 536 see.)
440 483 622 538 θατέρῳ.
658 481 727 523 Ex
744 471 830 538 qua
847 481 1078 523 lectionum
1094 483 1488 527 varietateKirchh.

124 591 239 627 recte
286 583 470 639 colligit,
518 584 564 624 in
591 583 825 640 archetypo
875 584 1079 639 scriptum
1111 583 1241 626 fuisse
1276 553 1488 638 ἀνάγκαῗν.

123 652 320 695 Genuina
344 651 470 693 lectio
492 647 648 707 ἀνάγκη
675 653 720 692 in
750 651 948 692 lemmate
980 657 1019 692 et
1049 652 1093 692 in
1123 651 1217 694 cod.
1249 652 1283 694 C
1307 659 1457 695 exstat.

236 731 452 773 Lemma
477 730 681 772 scholii
700 729 862 772 Andr.
897 727 1028 774 1037:
1058 727 1271 773 Ἑλλάνων
1296 728 1488 788 ἀγόρους.

124 799 244 851 Quae
275 797 406 841 verba
443 800 487 839 in
528 797 745 840 codicibus
776 798 965 852 graviter
996 805 1194 854 corrupta
1227 804 1346 851 sunt,
1393 814 1490 841 cum

122 866 301 909 verbum
346 863 526 921 ἀγοράς,
579 865 694 922 quod
745 865 990 921 explicandi
1040 881 1167 908 causa
1214 867 1269 908 ad
1315 865 1490 923 ἀγόρους

121 936 351 990 ascriptum
397 940 510 987 erat,
555 935 599 974 in
641 933 869 974 verborum
918 933 1109 975 ordinem
1156 936 1418 990 reciperetur
1438 938 1488 986 1);

121 1003 160 1044 A
181 997 355 1058 ἀγορὰσ
385 996 586 1057 ἀχόρουσ,
632 1001 668 1042 Β
699 998 880 1056 ἀχόρους
920 1007 1032 1053 (ante
1062 1001 1178 1057 quod
1205 999 1358 1057 ἀγορὰς
1388 1003 1484 1044 add.

121 1086 176 1114 m.
209 1075 323 1123 sec.),
355 1068 390 1112 C
411 1066 557 1124 ἀγοραὶ
587 1066 780 1122 ἀχόρους,
810 1066 1031 1125 Εάγορὰς,
1063 1067 1255 1126 Ιοάγοραὶ
1288 1067 1488 1126 ἀχόρους,

122 1137 256 1180 chB
286 1132 432 1191 ἀγοραὶ
457 1132 652 1192 ἀγόρους.
686 1140 742 1185 (v.
778 1135 886 1179 1010
915 1137 986 1190 Κ).

185 1266 189 1271 .
235 1215 417 1260 Schol.
447 1215 581 1257 Med.
611 1211 721 1258 1216
751 1220 806 1268 (v,
838 1212 949 1259 1205
969 1217 1028 1272 K)
1063 1223 1178 1259 recta
1210 1217 1349 1258 forma
1379 1232 1489 1273 quae

122 1290 186 1327 est
206 1279 440 1331 ἀντελάζυτ’
474 1284 517 1324 in
548 1282 746 1325 lemmate
771 1290 811 1326 et
838 1285 880 1325 in
914 1285 1007 1326 cod.
1034 1284 1068 1326 C
1084 1291 1254 1327 servata
1283 1292 1358 1338 est,
1392 1300 1487 1327 cum

120 1352 164 1393 in
196 1352 343 1394 ceteris
375 1351 541 1406 legatur
571 1346 819 1400 ἀντελάζετ’,

233 1431 445 1472 Lemma
467 1430 632 1471 schol.
658 1431 819 1473 Andr.
843 1429 954 1474 1046
979 1428 1107 1485 (1018
1126 1433 1206 1484 K):
1240 1432 1489 1475 σταλάσσων

119 1498 193 1542 τὸν
229 1493 346 1542 Ἄιδα
375 1498 524 1553 φόνον.
585 1491 841 1553 Articulum,
875 1501 948 1556 qui
979 1500 1096 1542 nullo
1124 1502 1168 1542 in
1198 1501 1346 1543 codice
1375 1502 1487 1543 inve-

120 1569 256 1621 nitur,
310 1567 364 1608 ad
410 1572 592 1608 metrum
638 1567 947 1609 restituendum
995 1569 1173 1610 inseruit
1216 1569 1488 1623 Matthiaeus,

120 1650 247 1692 quem
280 1635 412 1677 secuti
441 1640 540 1677 sunt
563 1634 725 1687 Herm„
754 1635 989 1689 Nauckius,
1023 1636 1261 1691 Pflugkius,
1295 1637 1430 1679 Dind.

232 1703 445 1745 Lemma
476 1702 645 1746 schol.
677 1702 838 1748 Andr.
869 1701 980 1747 1130
1006 1699 1299 1758 κάφυλάσσετ’,
1329 1706 1443 1762 quod
1466 1721 1489 1747 e

119 1772 363 1828 conjectura
410 1786 486 1827 pro
531 1771 599 1813 καὶ
627 1770 868 1825 φυλάσσετ’,
919 1771 1034 1828 quod
1078 1779 1140 1814 est
1179 1774 1222 1814 in
1256 1772 1488 1828 codicibus,

119 1840 300 1882 restituit
328 1838 543 1884 Reiskius
571 1863 626 1868 —

233 1908 318 1962 Qui
351 1907 434 1949 loci
463 1908 649 1949 maxime
690 1907 779 1963 apti
813 1914 922 1961 sunt,
965 1908 1119 1964 quibus
1152 1914 1357 1964 augeatur
1387 1909 1489 1951 lem-

119 1982 280 2019 matum
325 1977 568 2029 auctoritas,
617 1977 785 2017 tenuior
829 1975 905 2017 illa
947 1975 1120 2032 quidem
1166 1992 1294 2032 quam
1324 1992 1486 2032 earum,

120 2059 231 2102 quae
261 2059 316 2086 ex
342 2044 759 2101 interpretationibus
789 2050 1005 2097 eruuntur,
1049 2044 1295 2099 lectionum,
1346 2059 1487 2102 neque
1522 2095 1524 2097 v

119 2127 219 2155 vero
242 2114 341 2170 jure
370 2128 447 2169 pro
469 2112 605 2154 nihilo
629 2112 794 2166 habita3
826 2112 952 2154 modo
983 2112 1025 2153 id
1057 2128 1224 2169 semper
1246 2120 1486 2170 quaeratur,

119 2187 261 2223 utrum
302 2180 563 2236 negligentia
602 2180 670 2222 vel
717 2180 950 2236 adaptandi
984 2180 1122 2222 studio
1154 2183 1272 2223 nasci
1304 2183 1487 2238 potuerit

118 2250 234 2291 varia
262 2248 386 2290 lectio
417 2263 564 2290 necne.
627 2248 753 2300 Quod
787 2263 883 2289 cum
928 2249 985 2290 ita
1015 2250 1078 2300 sit,
1123 2250 1392 2305 probandum
1425 2257 1486 2293 est

119 2317 310 2368 Porsoni,
337 2316 518 2358 Nauckii
538 2319 582 2367 2),
612 2316 766 2370 Weilii,
798 2317 953 2358 Baueri
967 2316 1179 2373 judicium
1202 2318 1254 2360 de
1275 2318 1484 2362 lemmatis

213 2423 246 2463 1)
274 2420 473 2464 Scripturae
498 2420 738 2453 diversitatem
766 2423 876 2452 ortam
902 2429 975 2453 esse
1004 2422 1063 2461 ita,
1092 2424 1131 2453 ut
1153 2421 1244 2463 quod
1263 2423 1370 2455 semel
1399 2424 1483 2456 scri-

119 2477 269 2511 bendum
296 2481 397 2518 esset,
429 2478 483 2510 bis
508 2477 730 2517 scriberetur,
757 2478 816 2509 vix
843 2477 1025 2519 quisquam
1051 2478 1217 2521 Pflugkio
1244 2479 1419 2513 concedet.
1439 2501 1482 2506 —

211 2535 245 2577 2)
276 2534 371 2568 Neue
398 2534 520 2570 Jahrb.
545 2535 602 2568 fiir
631 2534 757 2569 Philol.
783 2546 816 2569 u.
843 2534 939 2577 Pad„
968 2536 1022 2569 69.
1047 2546 1081 2579 p.
1106 2537 1183 2570 625.
1209 2556 1251 2561 —
