1716 3017
82 258 249 311 scripta,
282 255 468 311 denique
501 269 715 311 quaeram,
766 256 869 312 quid
917 257 969 298 sit
996 255 1268 297 tribuendum
1316 256 1445 297 variis

79 322 329 365 lectionibus
360 323 403 363 in
435 321 603 364 scholiis
634 329 778 378 aperte
807 324 1148 366 commemoratis
1169 325 1211 374 ¹).

192 390 243 431 In
294 389 567 432 numerandis
615 390 839 446 Euripidis
889 391 1086 433 versibus
1132 390 1445 432 Kirchhoffium
1485 379 1510 389 i*

80 472 246 514 sequar,
278 457 322 498 in
354 456 525 498 scholiis
559 457 729 510 addam,
761 458 833 499 ubi
867 473 973 514 opus
1000 460 1091 510 erit,
1121 473 1321 499 numeros
1343 458 1445 499 Din—

79 525 304 568 dorfianos.
366 524 571 567 Codicum
604 525 736 579 signis
765 531 858 567 utar
886 525 1235 578 Kirchhoffianis,
1264 540 1372 581 quac
1401 526 1445 566 in

81 592 241 635 scholia
270 607 440 649 quoque
468 592 735 635 transferam.

193 659 302 703 Sunt
328 665 469 703 autem
500 660 628 702 haec:

659 727 790 771 Dind.
997 727 1173 770 Kirchh.

282 795 412 839 Marc.
442 794 525 839 471
699 795 745 837 Μ
847 825 849 828 -
1055 795 1096 837 Α
1203 800 1208 803 ’

281 864 377 908 Vat.
408 860 491 906 909
702 863 743 904 Α
1056 863 1094 904 Β

280 931 400 973 Paris
429 928 542 974 2713
701 931 738 973 B
1059 945 1097 973 a.

192 999 436 1042 Editioncm
467 1000 751 1042 Arsenianam
781 999 935 1041 notabo
970 998 1241 1042 Dindorfium
1276 1006 1444 1042 secutus

79 1068 203 1110 litera
229 1066 263 1111 I.
296 1093 349 1098 —

172 1218 203 1259 1)
229 1217 297 1249 Eas
314 1215 572 1249 dissertationis
597 1216 822 1259 Amplissimo
839 1215 1132 1257 Philosophorum
1152 1215 1275 1248 Ordini
1296 1215 1446 1248 traditae

79 1278 207 1316 partes,
231 1284 319 1316 quae
344 1276 424 1306 sunt
449 1272 491 1305 de
516 1275 652 1306 ratione
677 1284 746 1315 qua
762 1274 995 1316 compositum
1013 1273 1057 1305 sit
1082 1282 1208 1315 corpus
1233 1273 1445 1306 scholiorum

78 1331 168 1373 quod
199 1332 397 1363 continetur
423 1331 573 1363 maxime
599 1329 697 1363 codd.
722 1331 830 1363 Marc.
857 1332 936 1365 471.
961 1331 1040 1362 Vat.
1063 1331 1141 1362 909.
1167 1331 1266 1363 Paris
1292 1332 1382 1363 2713
1412 1333 1445 1362 et

78 1389 119 1421 de
149 1388 357 1421 histrionum
390 1387 729 1431 interpolationibus,
769 1398 916 1429 quarum
954 1388 988 1419 in
1028 1387 1173 1420 scholiis
1209 1387 1244 1418 in
1282 1386 1373 1420 Med.
1411 1390 1445 1419 et

79 1446 185 1479 Andr.
213 1446 251 1478 fit
275 1446 415 1486 mentio,
441 1446 533 1489 typis
563 1455 654 1478 nunc
676 1455 743 1477 von
770 1446 889 1478 curavi
915 1443 1171 1487 exprimendas.
