1716 3017
898 151 953 193 10

380 272 513 316 Med.
545 271 646 315 834:
709 274 839 317 schol.
891 279 951 316 Ba
981 274 1064 318 846
1110 282 1149 316 et
1183 275 1304 319 codd.
1336 276 1418 317 BC
1451 273 1476 331 ἢ
1507 277 1632 324 πόλις

269 336 446 396 ἧφίλων,
480 342 604 382 ceteri
636 338 661 396 ἢ
683 343 819 395 φίλων
849 339 874 397 ἢ
900 342 1037 390 πόλις.
1100 343 1203 394 (Sed
1225 343 1323 384 vide
1345 343 1456 385 infra
1475 359 1513 400 p.
1534 342 1632 396 15),

380 407 510 449 Med.
539 406 639 450 979:
701 409 816 450 solus
839 409 932 452 eod.
962 410 996 452 C
1010 409 1196 466 ὄλεθρον
1217 411 1308 463 (sed
1328 411 1435 453 falso
1453 411 1632 465 βιοτάν),

267 477 393 516 ceteri
423 470 633 530 ὀλέθριον.
695 476 731 517 Ε
750 477 880 519 schol.
908 474 991 520 989
1014 486 1207 534 apparet,
1241 479 1512 521 scribendum
1538 494 1629 522 esse

266 541 453 597 ὄλεθρον
481 543 612 598 βιοτᾷ.

379 611 448 651 De
478 610 606 655 Med.
634 627 673 655 V.
705 608 814 654 1039
842 628 882 654 v.
915 614 1026 654 infra
1058 630 1098 669 p.
1130 612 1197 658 32.

378 678 511 720 Med.
542 676 672 722 1041:
734 680 848 722 solus
893 683 936 723 B
971 680 1186 735 θύμασιν,
1244 683 1373 723 ceteri
1416 680 1631 736 δώμασιν;
1715 705 1716 709 =

266 746 394 788 schol.
427 746 492 788 Ba
524 745 634 790 1053
662 748 865 802 θύμασιν,

378 814 510 859 Med.
546 811 679 857 1205:
738 816 853 858 solus
883 816 975 861 eod.
1001 817 1035 858 G
1052 813 1300 866 ἀντελάζυί,
1333 816 1447 858 idem
1482 816 1631 871 legitur

266 886 308 924 in
340 882 538 924 lemmate
567 883 696 926 schol.
730 881 840 926 1216
872 885 950 937 Ba,
983 885 1132 926 ceteri:
1167 879 1419 934 ἆντελάζετ’.

376 949 508 992 Med.
541 947 669 994 121οε
722 952 804 994 BC
821 967 915 993 eum
934 952 1090 996 Christ.
1108 958 1192 1007 pat.
1210 967 1250 993 v.
1269 949 1379 995 1112
1400 949 1630 1007 δακρύοισι,

266 1018 378 1059 idem
411 1018 540 1063 schol.
574 1015 683 1061 1221
713 1020 791 1073 Ba,
823 1022 953 1062 ceteri
984 1021 1223 1075 δακρύουσι.

375 1085 495 1127 And
507 1102 539 1128 r.
571 1083 674 1130 359:
737 1088 860 1132 codd,
886 1088 923 1129 E
955 1087 1070 1144 [BC]
1101 1084 1317 1141 ἀπαιδίαν,
1349 1087 1463 1130 idem
1496 1088 1629 1133 schol.

264 1154 340 1197 Aa.
414 1154 554 1196 Ceteri
607 1152 817 1209 ἀβουλίαν.
890 1156 1068 1199 Kirchh.
1134 1156 1306 1212 conjicit
1368 1152 1629 1210 ἀμβλώσεως.

263 1221 376 1263 Illud
421 1217 628 1265 ἀπαιδίαν
684 1238 830 1266 veram
883 1239 976 1266 esse
1030 1225 1284 1280 scripturam
1331 1229 1444 1266 reete
1490 1230 1631 1266 censet

264 1289 467 1332 Schenkl.
499 1290 525 1335 l.
557 1306 596 1334 a.

376 1358 538 1403 Andr.
569 1356 674 1402 352:
719 1360 832 1401 solus
855 1360 948 1403 eod.
970 1360 1040 1416 [C]
1067 1357 1242 1416 ἀνάγκη,
1268 1360 1380 1401 idem
1397 1359 1527 1402 schol.
1551 1360 1627 1402 Aa.

374 1426 536 1468 Andr.
565 1424 671 1470 439:
705 1428 741 1468 A
765 1425 869 1471 ὅταν
889 1424 984 1471 τόδ’
1005 1423 1030 1485 ἢ
1050 1421 1147 1471 τάδ’
1168 1428 1356 1481 οἴσομεν.
1400 1427 1629 1470 BOEabod

262 1490 362 1537 ὅταν
391 1489 485 1537 τόδ’
509 1489 532 1551 ᾖ
558 1492 654 1537 τάδ’
686 1496 869 1550 οἴσομεν.
933 1494 1069 1553 [BC]:
1103 1491 1205 1538 ὅταν
1232 1491 1326 1538 τάδ’
1351 1487 1376 1552 ᾗ
1402 1491 1490 1538 τότ’
1516 1495 1630 1538 οἴσο-

260 1577 352 1616 μεν.
413 1562 451 1603 Ε
481 1563 627 1605 verbis
659 1563 812 1606 scholii
842 1566 903 1610 A:
955 1560 1057 1608 ὅταν
1086 1565 1190 1621 δοκῇ
1221 1598 1231 1608 ,
1265 1598 1274 1608 .
1312 1594 1320 1604 ‚
1355 1599 1363 1608 .
1395 1562 1630 1617 ὑπομενοῦ-

259 1645 339 1683 μεν
369 1629 467 1673 τότε
493 1637 684 1687 apparet‚
717 1632 840 1677 codd.
875 1634 957 1675 BC
981 1632 1209 1675 lectionem
1235 1647 1328 1674 esse
1362 1632 1630 1677 servandam.

259 1698 436 1740 Minime
458 1714 565 1755 opus
596 1706 658 1741 est
682 1702 937 1757 conjecturis
953 1701 1209 1743 Kirchhoffii
1243 1697 1348 1742 ὅταν
1366 1699 1492 1756 μόλῃ,
1527 1696 1630 1742 ὅταν

259 1767 406 1823 παρῇ,·
436 1767 480 1809 id
513 1768 628 1824 quod
658 1769 798 1824 ipsum
828 1769 1004 1814 Kirehh.
1041 1775 1188 1825 postea
1220 1767 1481 1811 intellexisse
1513 1773 1630 1824 patet

260 1849 312 1876 ex
343 1834 409 1876 ed.
438 1850 476 1880 a.
509 1833 633 1879 1867.

372 1903 539 1949 Andri
595 1902 698 1948 717:
776 1904 937 1960 A[BC]
998 1904 1255 1959 πρεσβυτῶν
1314 1905 1453 1956 γένος,
1517 1903 1628 1946 idem

239 1970 390 2012 schol.
423 1967 517 2015 727.

371 2039 532 2083 Andr.
566 2036 672 2082 837:
732 2041 890 2082 Forma
920 2040 1067 2082 dorica
1101 2044 1225 2095 στέγα
1256 2047 1423 2084 servata
1443 2046 1506 2082 est
1527 2039 1627 2083 solis

258 2109 302 2148 in
335 2107 457 2152 codd.
489 2107 606 2163 [BC]
637 2114 677 2150 et
707 2109 751 2149 in
781 2108 981 2150 lemmate
1013 2107 1162 2149 scholii
1191 2105 1286 2150 858.
1320 2123 1356 2148 a.

372 2174 494 2226 Quae
519 2176 718 2231 exempla
739 2177 843 2217 mihi
863 2175 1062 2217 videntur
1084 2190 1175 2217 esse
1197 2182 1297 2232 apta
1314 2175 1468 2232 quibus
1489 2176 1625 2231 major

261 2242 473 2299 quaedam
519 2243 626 2285 fides
671 2244 873 2285 afferatur
918 2242 1137 2285 codicibus
1178 2243 1284 2297 illis,
1327 2243 1454 2299 idque
1502 2244 1627 2285 etiam

259 2312 321 2352 eis
372 2311 488 2365 loeis,
541 2312 693 2367 quibus
733 2326 881 2353 eorum
931 2312 1077 2354 variae
1118 2312 1320 2354 lectiones
1368 2311 1626 2353 scholiorum

258 2380 513 2422 testimoniis
563 2394 649 2421 non
689 2381 1003 2433 confirmantur,
1045 2379 1119 2421 sed
1165 2379 1236 2421 ubi
1280 2380 1419 2434 agitur
1451 2378 1542 2421 sola
1572 2379 1626 2421 de

259 2448 481 2504 utriusque
511 2449 679 2503 generis
711 2448 904 2490 codicum
925 2449 1191 2491 auctoritate.
1251 2447 1297 2490 Si
1328 2448 1481 2504 prioris
1502 2462 1625 2503 gene-

258 2516 314 2557 ris
346 2515 543 2558 codicum
565 2516 767 2558 lectiones
798 2517 969 2572 probari
1000 2531 1088 2558 non
1117 2521 1308 2572 possunt,
1338 2517 1382 2558 in
1412 2515 1625 2557 deteriori-
