1716 3017
650 137 743 189 ‘29

147 272 314 312 Primus
343 268 563 326 Nauckius
594 270 623 310 l.
657 285 692 311 a.
721 285 763 325 p.
796 265 877 311 126
905 269 948 308 in
980 282 1029 309 eo
1062 266 1250 317 offendit,
1281 267 1396 322 quod

33 339 319 381 Athenienses
348 329 566 392 tamquam
596 337 757 390 bestiae
779 337 976 378 dicuntur
1006 335 1255 390 sapientiam
1287 340 1399 375 terra

35 407 192 448 editam
224 405 464 461 depascere.
527 404 669 456 Quare
713 403 895 455 delenda
939 417 1032 444 csse
1080 408 1225 443 censet
1267 401 1399 443 verba

33 472 307 516 κλεινοτάταν
336 474 502 525 σοφίαν.
562 471 723 513 Verum
770 472 883 513 enim
930 484 1030 511 vero
1062 469 1234 511 meliora
1264 469 1400 525 potuit

34 541 205 583 edoceri
237 539 376 582 verbis
409 538 556 581 scholii
574 535 680 582 826:
713 537 739 595 ἡ
759 539 950 587 σύνταξις
980 533 1124 591 οὕτως,
1155 531 1243 578 ἀπὸ
1269 531 1398 590 ἄπορ-

36 608 173 665 θήτου
201 606 352 663 χώρας.
408 606 503 648 Jam
545 606 773 663 Elmslejus
820 621 915 648 eum
965 606 1036 661 qui
1080 604 1188 646 haec
1234 604 1400 659 scripsit

35 675 192 732 legisse
218 676 457 730 suspicatus
489 681 551 716 est
583 672 673 716 ἄπο
705 674 980 730 φερβὸμενοι,
1013 673 1088 715 sed
1110 671 1291 713 Weilius
1317 673 1398 726 pri-

34 758 131 785 mus
164 742 313 785 scholii
357 757 438 797 ope
476 743 609 785 verba
639 743 696 784 ita
726 743 919 795 restituit,
969 746 1013 783 ut
1046 746 1253 783 commate
1284 739 1399 795 quod

35 811 189 853 dicitur
218 812 356 866 posito
382 816 478 867 post
509 808 608 863 ἄπο,
650 811 786 866 ipsam
819 810 1183 866 praepositionem
1225 807 1400 849 referret

35 879 91 920 ad
124 893 174 920 ea
205 893 314 934 quae
341 878 619 919 antecedunt:
662 878 781 920 θεῶν
810 880 958 925 παῖδες
985 876 1121 930 χώρας
1149 873 1250 918 ἄπο.
1310 875 1400 917 Nec

34 962 120 989 non
149 945 309 988 accedit
337 945 435 986 huic
475 947 705 987 sententiae
737 946 967 988 auctoritas
1013 944 1222 1000 quaedam
1254 958 1307 985 ex
1337 944 1399 984 eis

37 1029 147 1071 quae
172 1015 216 1055 in
246 1012 408 1055 scholio
431 1020 686 1070 sequuntur:
717 1012 767 1056 τὸ
799 1015 848 1056 δὲ
877 1013 1136 1069 φερβὸμενοι
1154 1012 1255 1061 κτλ.,
1286 1011 1400 1052 unde

35 1088 213 1138 apparet
240 1082 599 1137 praepositionem
644 1081 747 1123 olim
784 1083 1020 1138 sejunctam
1050 1081 1180 1123 fuisse
1212 1095 1237 1121 a
1268 1079 1398 1121 verbo

36 1148 308 1205 φερβόμενοι.

148 1262 200 1304 V.
233 1258 314 1304 831
349 1277 410 1318 sq.
424 1277 433 1302 :

202 1330 255 1386 τᾷ
287 1332 419 1385 σοφίᾳ
448 1331 688 1385 παρέδρους
720 1333 910 1383 πέμπειν
938 1329 1109 1385 ἔρωτας,

202 1398 402 1443 παντοίας
430 1394 581 1452 ἀρετᾶς
611 1396 844 1453 ξυνεργούς.

147 1465 288 1508 Schol.
321 1461 427 1506 836:
485 1465 652 1517 λέγουσι
691 1465 740 1506 δὲ
775 1465 852 1522 τὴν
889 1461 1149 1520 Ἀφροδίτην
1177 1495 1397 1508 ......

39 1532 362 1584 ἐξαποστέλλειν
387 1530 486 1579 τούς
513 1530 588 1574 ἐπὶ
613 1533 755 1576 πᾶσαν
788 1537 942 1587 σοφίαν
972 1531 1148 1589 ὁδηγοὺς
1172 1531 1341 1588 ἔρωτας.

147 1600 313 1652 Quibus
343 1614 398 1641 ex
427 1600 570 1642 verbis
598 1600 824 1656 Hartungo
870 1601 980 1642 effici
1009 1600 1193 1652 videtur,
1240 1615 1316 1655 pro
1348 1601 1401 1655 τᾷ

34 1670 162 1725 σοφίᾳ
189 1704 199 1713 .
230 1701 239 1710 .
271 1700 281 1710 .
313 1703 322 1711 .
354 1667 511 1724 ἔρωτας
540 1670 745 1724 scriptum
775 1666 926 1710 fuisse:
963 1666 1061 1715 τοὺς
1093 1671 1224 1724 σοφίᾳ
1257 1702 1267 1712 .
1299 1700 1310 1709 .
1343 1703 1352 1712 .
1385 1698 1395 1709 .

34 1735 203 1794 ἔρωτας.
265 1736 405 1788 Quam
433 1737 715 1792 suspicionem
736 1738 899 1778 etiamsi
920 1751 1093 1792 prorsus
1122 1742 1280 1777 certam
1309 1750 1399 1777 esse

35 1806 109 1846 vix
138 1805 370 1861 putaveris,
416 1811 559 1846 tamen
607 1806 815 1846 sententia
857 1806 916 1845 ita
944 1804 1265 1846 commendatur
1292 1803 1399 1844 illud

32 1870 145 1924 τούς,
182 1879 228 1914 ut
258 1873 348 1914 sine
377 1871 468 1913 ulla
501 1871 765 1913 dubitatione
809 1874 860 1914 sit
889 1871 1231 1928 praeferendum.
1288 1871 1398 1913 Nam

38 1955 134 1982 cum
185 1945 349 1982 constet
388 1939 653 1994 Euripidem,
698 1955 825 1996 quam
884 1941 1079 1996 proxime
1124 1940 1398 1982 accedentem

38 2007 94 2050 ad
124 2007 312 2050 Platonis
346 2008 399 2049 de
438 2021 583 2049 amore
619 2008 877 2057 doctrinam,
930 2004 1223 2067 discrevissel)
1254 2023 1280 2049 a
1312 2022 1399 2049 cor-

33 2077 147 2132 poris
177 2090 322 2118 amore
350 2075 531 2117 alterum
564 2075 698 2130 illum,
732 2078 868 2118 omnis
900 2077 1134 2132 sapientiae
1163 2081 1398 2132 parentem,

35 2150 214 2199 apparet
247 2143 300 2185 de
329 2143 409 2185 hoc
439 2149 551 2184 certo
583 2144 738 2184 amoris
768 2158 924 2199 genere
953 2159 1003 2186 eo
1034 2144 1088 2185 de
1119 2159 1202 2200 quo
1233 2144 1398 2198 agimus

34 2210 129 2253 loco
157 2225 250 2253 esse
270 2211 560 2267 cogitandum,
591 2213 837 2267 praesertim
865 2227 962 2254 cum
991 2212 1174 2254 addatur
1200 2213 1400 2257 παντοίας

34 2276 186 2335 ἀρετᾶς
215 2278 444 2336 ξυνεργούς.
1368 2282 1373 2283 ’

128 2465 162 2503 1)
187 2463 238 2495 Cf.
264 2463 505 2505 fragmentum
534 2461 682 2505 Dietyis,
709 2463 802 2505 quod
829 2463 928 2496 affert
952 2464 1124 2498 stobaeus
1150 2465 1223 2498 Eel.
1255 2467 1284 2504 1,
1309 2466 1340 2507 9,
1365 2466 1398 2507 4,

35 2521 114 2554 272.
138 2519 258 2564 (Dind.
283 2521 398 2553 Poett.
422 2530 526 2561 scen„
552 2519 655 2563 frgm.
682 2521 773 2563 342.)
798 2539 840 2544 —
