1716 3017
785 125 832 170 51

129 255 220 292 tare
262 263 350 290 non
391 249 445 290 ad
489 247 533 291 ἐκ
576 250 852 307 χρυσηλάτων
898 255 1099 304 τευχέων,
1144 253 1218 294 sed
1250 253 1305 295 ad
1337 248 1489 308 ὀλβίων

130 315 437 372 φρονημάτων,
487 332 595 372 quae
639 319 770 362 verba
816 320 955 362 eidem
997 321 1332 375 interpretationi
1376 337 1489 377 prae—

131 384 286 440 scripta
317 390 417 425 sunt
445 384 579 429 schol.
611 383 704 428 164.

243 450 416 493 Schol.
459 452 618 498 Andr.
661 451 771 496 400.»
802 453 1050 509 οἰκτρῶςε
1102 454 1232 509 δούλη
1276 460 1492 511 γενομένη,

132 518 246 575 quod
274 519 543 561 referendum
576 527 639 562 est
668 521 723 562 ad
755 521 885 563 verba
913 517 1014 576 αὐτὴ
1045 523 1092 562 δὲ
1122 519 1252 577 δούλη
1275 558 1284 566 .
1308 555 1316 566 .
1340 554 1348 563 .
1381 521 1491 579 ἔβην.

245 585 420 628 Schol.
453 587 616 631 Andr.
647 585 743 632 513.
780 586 888 641 ὤμοι
910 604 994 641 μοι,
1024 591 1067 630 τί
1094 586 1248 630 nciam:
1278 586 1365 631 κατ’
1397 589 1493 644 ἐρώ-

129 665 264 712 τησιν.
323 654 480 696 Verbis
514 670 622 711 quae
652 655 879 708 adduntur,
915 651 1129 697 ἀπέλθετε
1159 656 1218 702 εἷς
1243 652 1391 699 Ἅιδου
1423 672 1492 698 ex-

131 723 344 779 plicantur
373 723 504 764 verba
533 720 597 765 ἴθ’
628 722 889 775 ὑποχθόνιοι
919 728 975 775 (v,
1008 721 1135 776 505.)

245 789 419 835 Schol.
462 790 621 835 Andr.
658 788 754 833 837.
801 789 925 833 κατὰ
970 791 1068 843 μὲν
1115 782 1201 832 οὖν
1247 797 1425 834 σ’τέντω
1469 792 1493 847 ἡ

132 855 401 914 ἐπανάληψις
429 856 479 899 τὸ
502 857 645 905 πάθος
676 857 793 908 αὔξει
822 861 897 900 τοῦ
918 862 1120 913 πένθους,
1152 874 1262 915 quae
1290 861 1494 915 into-pre-

132 927 234 967 tatio
281 930 447 981 spectat
491 925 546 967 ad
593 926 725 968 verba
776 925 803 968 ἃ
837 925 1069 980 κατάρατος
1119 924 1218 979 ἐγώ,
1264 928 1495 983 κατάρατος

134 990 391 1048 ἀνθρώποις.
423 1019 477 1024 —

246 1061 297 1102 In
338 1061 418 1102 hac
464 1062 558 1116 ipsa
585 1075 685 1101 vero
735 1061 1000 1117 negligentia
1030 1064 1211 1118 positum
1261 1069 1334 1115 est,
1382 1062 1495 1118 quod

126 1130 225 1186 jure
255 1129 421 1184 aliquid
443 1129 703 1170 auctoritatis
724 1129 935 1171 lemmatis
965 1130 1173 1173 tribuitur.
1236 1131 1412 1171 Factum
1435 1136 1497 1170 est

134 1198 246 1238 enim
275 1196 547 1251 negligentia,
579 1204 625 1238 ut
654 1197 767 1238 haud
798 1199 855 1239 ita
882 1212 976 1239 raro
1008 1213 1093 1238 non
1126 1198 1496 1239 accommodaren-

133 1272 203 1306 tur
233 1265 288 1306 ad
320 1264 515 1305 codicum
564 1266 819 1321 scripturam
855 1266 1151 1321 depravatam,
1197 1265 1272 1306 sed
1303 1279 1355 1305 ex
1398 1266 1498 1305 anti-

136 1332 352 1389 quioribus
373 1331 490 1373 libris
512 1332 567 1373 ad
588 1333 752 1374 literam
773 1332 1188 1376 transscriberentur.
1220 1333 1316 1384 Qua
1335 1334 1496 1374 ratione

136 1399 426 1455 compluribus
456 1399 559 1440 locis
587 1400 787 1442 lemmata
818 1402 984 1455 integra
1015 1406 1182 1442 servata
1213 1415 1317 1453 esse,
1348 1399 1498 1440 intelli-

135 1469 248 1523 gitur
277 1482 334 1509 ex
366 1482 429 1520 00,
464 1467 575 1523 quod
607 1470 777 1524 saepius
809 1475 1048 1523 congruunt
1076 1482 1172 1509 culn
1202 1468 1384 1521 scholiis,
1418 1467 1499 1508 dis-

135 1542 313 1592 crepant
353 1535 407 1577 ab
449 1536 656 1577 orationis
691 1542 914 1578 contextae
961 1536 1102 1578 verbis
1148 1550 1256 1592 quae
1301 1535 1501 1589 leguntur

137 1610 211 1646 aut
237 1605 281 1644 in
312 1603 508 1645 omnibus
538 1603 753 1644 codicibus
788 1610 861 1645 aut
891 1605 935 1643 in
967 1605 1047 1656 eis,
1080 1604 1122 1643 in
1155 1603 1307 1659 quibus
1339 1602 1503 1643 scholia

136 1686 249 1713 nunc
278 1672 463 1727 margini
496 1673 680 1727 ascripta
710 1678 819 1716 sunt.

253 1739 318 1783 Of.
349 1738 509 1781 schol.
539 1738 670 1783 Med.
702 1736 804 1792 910,
836 1740 903 1780 cui
934 1739 1091 1779 lemma
1118 1734 1404 1794 praepositum
1439 1746 1502 1781 est

137 1807 485 1863 παρεμπολῶντι,
544 1806 669 1858 Quod
718 1807 913 1857 verbum,
961 1805 1062 1846 licet
1102 1806 1224 1847 nullo
1272 1808 1312 1847 in
1356 1808 1501 1849 codice

139 1876 315 1931 legatur,
350 1880 448 1916 ante
479 1874 625 1916 oculos
646 1873 844 1916 habuisse
867 1875 1139 1928 interpretem
1161 1874 1380 1915 declarant
1410 1875 1502 1930 ejus

139 1943 294 1986 verba:
339 1938 428 1984 οἷον
471 1940 610 1989 ἄλλοις
639 1940 786 1996 γάμοις
814 1946 1061 1997 χρωμένῳ
1092 1939 1210 1997 παρὰ
1240 1940 1336 1988 τοὺς
1364 1939 1502 1996 ὑπάρ-

138 2025 301 2063 χοντας.
361 2010 480 2052 Cave
510 2011 648 2065 igitur,
695 2025 749 2051 ne
781 2010 1027 2051 lemmatum
1061 2010 1353 2051 auctoritatem
1382 2016 1504 2066 putes

141 2079 332 2120 imminui
363 2092 434 2129 eo,
466 2078 580 2134 quod
612 2079 691 2119 hoc
722 2078 895 2134 quidem
928 2078 1020 2119 loco
1051 2079 1153 2133 quin
1186 2077 1293 2119 falsa
1325 2079 1377 2118 sit
1407 2077 1505 2118 lem-

139 2148 264 2189 matis
308 2147 443 2198 lectio,
487 2147 646 2187 nemini
692 2151 831 2201 potest
877 2160 969 2186 esse
1013 2145 1199 2188 dubium.
1260 2145 1504 2200 Interpretis

142 2216 253 2257 enim
284 2214 417 2257 verba
464 2213 771 2266 demonstrant,
817 2213 1039 2254 lectionem
1080 2213 1199 2254 illam
1229 2228 1377 2254 revera
1404 2212 1503 2252 olim

142 2283 370 2326 exstitisse.
403 2308 454 2311 —

256 2350 436 2392 Schol.
471 2349 632 2392 Andr.
663 2346 743 2391 351
796 2348 889 2392 cod.
919 2349 959 2389 A
986 2343 1187 2403 βούλοι’
1218 2346 1280 2388 ἄν
1308 2346 1505 2402 εὑρεῖν,

144 2433 241 2461 cum
271 2418 315 2459 in
347 2418 495 2458 eodem
534 2418 679 2458 codice
712 2418 819 2457 intel·
858 2421 1009 2471 poetae
1053 2415 1182 2457 verba
1224 2415 1387 2470 legatur
1414 2413 1508 2469 βού-

143 2487 251 2539 λοιμ’
282 2484 347 2527 ἄν.
379 2511 433 2515 -—

1264 2549 1306 2583 4*
