1716 3017
952 177 1006 223 38

295 321 393 349 caro
425 305 583 347 defluat
616 304 850 347 indicatum
880 311 944 347 est
974 306 1019 346 in
1051 319 1177 347 versu
1203 305 1276 360 qui
1310 306 1522 349 antecedit
1553 303 1654 362 »ἀπ’

297 371 496 422 ὀστέωνίι,
536 387 676 429 neque
706 372 851 414 defluit
880 373 982 415 solis
1014 372 1066 414 de
1098 371 1299 415 maxillis.
1334 398 1383 403 ——

406 439 691 482 Scribendum
735 446 797 482 est
839 441 987 496 igitur,
1032 440 1145 497 quod
1200 440 1355 495 legitur
1401 442 1446 482 in
1489 441 1655 497 optimis

295 508 515 551 codicibus
545 510 749 561 γναθμοῖς
778 503 947 564 ἀδήλοις
975 507 1222 563 φαρμάκων.

405 575 457 619 V.
486 571 616 618 1212:

461 640 600 699 γνώσῃ
630 639 708 696 γὰρ
734 636 837 697 αὕτη
863 642 1012 698 ζημίας
1038 639 1339 700 ἀναστροφήν.

405 711 526 753 Libri
553 705 843 764 ἀποστροφὴν.
889 708 1046 751 Christ.
1067 717 1150 765 pat.
1182 725 1222 755 v,
1241 707 1326 753 800
1353 706 1656 768 ἀναστροφήν,

297 778 412 835 quod
435 793 531 820 cum
561 777 804 819 confirmari
834 776 1030 818 videatur
1051 777 1211 819 scholio
1234 774 1344 820 1222
1374 779 1484 820 inter
1504 785 1656 834 poetae

291 846 422 888 verba
463 847 623 902 recepit
654 843 1016 900 Kirchhoffius¹)7
1066 860 1193 901 quem
1241 847 1430 901 sequitur
1461 845 1656 889 Weilius.

289 914 438 970 Neque
470 919 608 970 potest
637 913 798 968 negari,
832 912 979 954 similis
1010 919 1122 955 certe
1148 913 1269 955 verbi
1302 915 1483 969 vestigia
1514 915 1655 956 inesse

290 983 334 1023 in
363 981 512 1023 scholii
541 981 681 1023 verbis
715 995 823 1036 quae
854 987 972 1022 sunt:
1011 980 1260 1038 πειραθήσῃ
1292 980 1367 1036 γὰρ
1397 976 1502 1037 αὐτὴ
1531 997 1657 1035 τιμω-

290 1052 379 1104 ρίας
406 1082 415 1092 .
450 1081 460 1092 .
494 1079 503 1089 .
533 1083 541 1093 .
574 1048 717 1104 ζημίας
745 1047 791 1089 δὲ
818 1043 1099 1104 ἀποστροφὴν
1131 1049 1222 1101 (sic)
1251 1044 1326 1105 τὴν
1347 1047 1655 1092 ἀντανάκλασιν

289 1117 365 1172 τῆς
396 1117 620 1171 συμφορᾶς
647 1106 692 1171 ἧς
719 1115 937 1170 δέδρακας,
968 1117 1323 1173 καταληψομένην
1354 1128 1414 1160 σε.
1447 1150 1457 1160 .
1484 1152 1494 1162 .
1521 1150 1531 1162 .
1564 1148 1574 1158 .
1605 1116 1657 1174 τῇ

289 1189 417 1240 πείρᾳ
446 1183 585 1241 γνώσῃ
611 1182 1045 1240 ἐπαναστρεφομὲνην
1075 1183 1134 1230 εἷς
1156 1183 1202 1225 σὲ
1229 1182 1307 1240 τὴν
1337 1185 1489 1241 ζημίαν
1513 1216 1523 1226 .
1557 1216 1568 1227 .
1601 1218 1611 1228 .

290 1249 394 1309 αὐτὴ
420 1251 498 1307 γὰρ
529 1250 668 1308 γνώσῃ
703 1247 756 1294 τὰ
784 1246 916 1293 λοιπὰ
945 1248 990 1292 ἐκ
1019 1253 1093 1308 τῆς
1124 1251 1183 1298 εἷς
1217 1253 1264 1293 σὲ
1293 1250 1657 1310 ἀνακυκλουμένης

292 1321 447 1376 ζημίας.
509 1319 575 1362 Cf.
607 1319 739 1362 schol.
769 1316 899 1362 1223:
930 1354 939 1362 .
972 1355 981 1363 .
1013 1353 1021 1363 .
1055 1316 1159 1374 ὄψει
1188 1352 1196 1361 .
1230 1353 1238 1363 .
1273 1356 1281 1364 .
1311 1317 1390 1376 τὴν
1418 1321 1656 1377 καταληψο-

287 1391 418 1444 μένην
450 1399 499 1430 σε
528 1390 746 1442 τιμωρίαν.
780 1412 834 1417 —

403 1455 519 1508 Quas
550 1455 858 1511 interpretandi
886 1455 1070 1497 rationes
1102 1462 1219 1512 patet
1250 1471 1337 1499 non
1368 1456 1580 1513 quadrare
1612 1460 1658 1502 in

287 1523 421 1566 verba
442 1524 590 1580 ζημίας
613 1518 905 1579 ἀποστροφὴν,
928 1537 1036 1579 quae
1059 1525 1302 1579 significant
1323 1540 1489 1580 poenae
1510 1526 1656 1583 depul-

288 1593 462 1634 sionem.
522 1590 620 1633 Jam
669 1589 984 1633 observandum
1031 1598 1106 1644 est,
1151 1593 1283 1635 verba
1320 1608 1429 1649 quae
1460 1596 1656 1650 proxime

289 1659 547 1701 antecedunt
574 1657 623 1702 τὸ
649 1658 728 1712 μὲν
752 1655 827 1701 σὸν
848 1657 1038 1702 ἐκποδών
1072 1657 1178 1701 ἔστω
1206 1661 1332 1714 λόγου
1366 1675 1452 1702 non
1482 1662 1540 1703 ita
1562 1678 1654 1705 esse

288 1727 552 1783 accipienda,
583 1733 629 1769 ut
660 1741 710 1769 ea
739 1726 940 1781 intelligit
968 1727 1184 1769 Klotzius:
1232 1743 1337 1783 „ego
1370 1734 1468 1770 tuae
1499 1744 1655 1773 causae

286 1796 494 1836 rationem
526 1810 612 1836 non
642 1794 808 1836 habebo
831 1796 874 1836 in
897 1796 1128 1849 01·atione“‚
1159 1795 1235 1837 sed
1264 1796 1438 1839 horrore
1469 1798 1654 1854 quodam

288 1862 464 1904 affectus
495 1864 672 1905 nuntius
704 1862 828 1904 dicit:
861 1868 959 1917 „tua
992 1871 1132 1905 autem
1163 1863 1333 1905 fortuna
1363 1865 1513 1921 procul
1544 1866 1655 1908 absit

286 1931 339 1973 ab
383 1931 571 1973 oratione
608 1934 744 1975 inea.“
806 1930 969 1981 Quibus
1013 1932 1152 1973 verbis
1196 1947 1348 1987 parum
1394 1934 1654 1989 respondere

286 2003 464 2054 apparet
495 2012 546 2039 ea
578 2012 687 2055 quac
717 1997 917 2053 leguntur
946 2000 989 2040 in
1023 1999 1263 2041 codicibus:
1294 2001 1507 2056 „reperies
1541 2002 1653 2043 enim

286 2066 381 2121 ipsa
428 2080 591 2122 poenae
631 2066 875 2122 effugium“‚
924 2081 1019 2108 cum
1067 2068 1223 2123 optime
1271 2068 1559 2124 respondeant
1605 2083 1655 2111 ea

287 2147 397 2190 quae
439 2148 493 2175 ex
539 2135 715 2191 antiqua
754 2135 1102 2191 interpretatione
1150 2141 1376 2178 eruuntur:
1421 2151 1653 2191 cognosces

288 2202 402 2243 enim
432 2202 537 2257 ipsa,
568 2217 753 2258 poenam
784 2207 825 2244 te
858 2217 951 2245 esse
982 2202 1226 2247 soluturam.

400 2269 602 2321 Accedit,
649 2271 764 2327 quod
813 2271 971 2314 fiducia
1015 2286 1143 2328 quam
1190 2271 1408 2314 declarant
1438 2272 1570 2314 verba
1607 2273 1653 2314 in

288 2337 506 2380 codicibus
554 2338 709 2381 tradita
753 2353 840 2381 non
886 2340 1086 2383 convenit
1126 2354 1222 2382 cum
1270 2341 1343 2393 eis,
1390 2354 1499 2396 quae
1529 2346 1653 2383 antea

288 2405 395 2448 dixit
420 2406 593 2449 nuntius
623 2422 693 2452 vv.
724 2404 1016 2452 1118—1120.

380 2557 410 2597 l)
436 2555 476 2587 In
501 2554 653 2588 editione
682 2564 712 2588 a.
741 2555 827 2588 1867
855 2551 1099 2603 ἀποστροφήν
1123 2554 1288 2598 reposuit.
