1716 3017
717 158 769 203 41

65 283 268 326 lectiones
303 285 515 326 exstitisse
541 286 584 325 in
605 285 882 340 autographo,
914 298 1114 340 superare
1146 283 1273 336 igitur
1293 288 1428 325 aetate

66 351 198 394 verba
246 366 356 408 quae
402 353 446 392 in
494 351 715 393 codicibus
766 367 879 393 nunc
926 351 1137 406 leguntur.
1199 350 1341 402 Quare
1374 366 1428 392 ex

68 419 330 475 singulorum
370 418 559 461 locorum
609 425 762 461 natura
807 420 1083 460 constituatur
1134 432 1308 459 necesse
1351 425 1427 472 est,

69 487 169 543 quid.
201 500 368 543 quoque
413 487 505 527 loco
537 488 592 528 sit
616 481 907 543 judicandum.
968 484 1093 537 Quod
1125 499 1220 527 cum
1270 487 1328 526 ita
1360 487 1425 537 sit,

68 569 163 596 mea
202 553 374 611 quidem
418 556 624 597 sententia
669 553 993 610 praeferendum
1036 559 1096 594 est
1129 551 1267 605 δώσει,
1312 553 1428 609 quod

69 620 220 677 legitur
249 623 292 663 in
325 621 555 665 codicibus.
613 622 720 663 Nam
753 621 868 662 notio
902 620 1022 663 verbi
1053 623 1314 663 πεποιθέναι
1343 636 1428 662 non

69 689 250 745 quadrat
277 690 322 731 in
349 704 398 731 ea
433 704 542 746 quae
572 688 828 731 antecedunt
859 688 927 739 (cf.
970 702 1080 744 quae
1109 694 1284 729 annotat
1314 688 1429 729 Wei-

69 757 168 810 lius)
179 788 190 810 ,
238 762 383 799 contra
425 758 584 813 optime
626 757 828 798 convenit
870 770 964 797 cum
1005 755 1137 797 verbo
1182 756 1429 809 φεύξεσθαι.

68 824 134 866 Ea
178 830 321 866 autem
368 823 610 878 difficultas,
652 825 696 864 in
745 838 829 880 qua
869 823 1014 865 haeret
1056 822 1202 866 Herm.
1254 823 1427 866 Adnott.

69 906 112 948 p.
142 888 250 945 399,
301 893 345 933 in
391 906 440 934 eo
475 891 549 934 illa
587 891 758 949 quidem
794 892 955 948 posita,
1004 890 1118 946 quod
1155 892 1429 945 interrogatio

69 959 189 1001 nulla
220 960 430 1015 particula
475 959 760 1016 superioribus
792 958 1044 1011 annectitur,
1090 972 1145 999 ne
1174 957 1429 1000 scholiorum

71 1027 244 1083 quidem
274 1026 456 1069 lectione
487 1034 660 1084 recepta
689 1027 861 1069 tollitur⁵

184 1097 380 1137 Ceterum
410 1109 506 1137 cum
545 1110 615 1137 vv.
647 1092 768 1139 1288.
799 1092 854 1137 89
897 1094 1002 1135 nihil
1042 1094 1142 1135 novi
1173 1095 1429 1148 contineant,

71 1162 147 1204 sed
176 1167 370 1218 repetant
399 1163 652 1204 sententiam
683 1164 811 1204 trium
843 1163 915 1218 qui
946 1162 1200 1204 antecedunt
1228 1177 1430 1203 versuum

72 1229 166 1272 aliis
196 1229 338 1272 verbis
361 1231 508 1286 eisque
538 1232 637 1273 satis
658 1230 834 1285 frigidis,
864 1245 950 1271 non
970 1236 1130 1272 temere
1159 1229 1263 1270 mihi
1283 1229 1431 1271 videor

73 1298 296 1354 conjicere,
325 1312 473 1340 versus
504 1298 599 1339 illos
633 1313 724 1340 esse
754 1297 1041 1353 interpolatos,
1073 1323 1126 1327 —-

184 1364 253 1406 De
282 1380 322 1410 V.
354 1363 464 1408 1298
494 1366 592 1408 vide
623 1380 732 1422 quae
763 1380 892 1421 supra
921 1367 1195 1422 exposuimus
1227 1380 1266 1420 p.
1290 1363 1357 1408 15.
1375 1390 1430 1395 -

499 1640 551 1683 ll.
613 1639 1005 1684 Andromacha.

186 1773 428 1818 Androm.
462 1789 501 1818 V.
532 1770 588 1816 24
616 1789 744 1830 supra
773 1774 1047 1816 tractavimus
1076 1789 1118 1829 p.
1155 1772 1219 1817 14.

238 1907 290 1950 τὰ
323 1907 473 1963 κράτος
498 1910 547 1951 δέ
576 1909 610 1950 σ’
641 1907 791 1951 ἔπεισι.

183 1975 232 2016 In
266 1976 459 2017 omnibus
507 1976 726 2018 codicibus
770 1976 924 2032 legitur
957 1978 1006 2018 δέ
1037 1988 1085 2018 σε
1116 1978 1270 2018 πείσει.
1330 1976 1433 2017 Sola

71 2042 233 2084 scholia
260 2057 385 2085 verae
417 2044 648 2099 scripturae
669 2046 848 2100 vestigia
875 2045 1102 2097 continent,
1132 2044 1175 2084 id
1203 2044 1319 2099 quod
1349 2044 1432 2099 pri-

71 2124 165 2152 mus
194 2111 415 2166 perspexit
435 2110 486 2155 Gr.
507 2111 796 2166 Hermannus,
829 2114 902 2169 qui
929 2112 1060 2153 verba
1090 2109 1183 2153 ἀντὶ
1206 2113 1283 2153 τοῦ
1312 2127 1430 2154 κατα-

70 2175 255 2232 λήψεται
284 2176 435 2232 κράτος
464 2193 551 2220 non
584 2180 792 2235 quadrare
835 2183 876 2221 in
906 2180 1038 2221 verba
1084 2180 1133 2221 σὲ
1160 2182 1313 2232 πείσει,
1359 2179 1433 2220 sed

70 2243 294 2286 referenda
325 2260 417 2287 esse
447 2245 501 2287 ad
534 2246 568 2287 σ’
598 2244 736 2289 ἔπεισι
766 2254 878 2289 recte
908 2247 1129 2291 intellexit.
1190 2245 1287 2298 Qua
1314 2246 1367 2288 de
1388 2261 1434 2288 re

71 2313 208 2354 omnis
254 2313 416 2354 tollitur
461 2313 667 2355 dubitatio
706 2315 847 2356 verbis
895 2330 1005 2371 quae
1053 2320 1222 2356 servata
1261 2321 1358 2356 sunt
1389 2315 1432 2354 in

72 2379 166 2424 cod.
187 2380 248 2421 A:
279 2376 373 2422 ἀντὶ
398 2380 474 2422 τοῦ
501 2381 543 2422 οἱ
566 2380 776 2425 δεσπόται
796 2382 901 2424 κατὰ
922 2384 998 2424 σοῦ
1026 2380 1280 2424 ἐλεύσονται.
1316 2381 1433 2433 Quid

72 2445 126 2488 de
158 2448 279 2489 varia
309 2447 490 2490 lectione
535 2451 718 2504 κρατοῦν
763 2465 840 2506 pro
870 2450 1018 2505 κράτος
1055 2450 1339 2506 judicandum
1368 2450 1433 2502 sit,

71 2528 335 2570 exponemus
363 2515 473 2558 infra
502 2531 542 2572 p.
574 2514 642 2562 62.
