<?xml version="1.0" encoding="UTF-8"?>
<!DOCTYPE html PUBLIC "-//W3C//DTD XHTML 1.0 Transitional//EN"
    "http://www.w3.org/TR/xhtml1/DTD/xhtml1-transitional.dtd">
<html xmlns="http://www.w3.org/1999/xhtml" xml:lang="en" lang="en">
 <head>
  <title>
</title>
<meta http-equiv="Content-Type" content="text/html;charset=utf-8" />
  <meta name='ocr-system' content='tesseract 3.04.00' />
  <meta name='ocr-capabilities' content='ocr_page ocr_carea ocr_par ocr_line ocrx_word'/>
</head>
<body>
  <div class='ocr_page' id='page_1' title='image "./quaestionisdesch00franuoft_0066.png"; bbox 0 0 1716 3017; ppageno 0'>
   <div class='ocr_carea' id='block_1_1' title="bbox 952 125 1007 171">
    <p class='ocr_par' dir='ltr' id='par_1_1' title="bbox 952 125 1007 171">
     <span class='ocr_line' id='line_1_1' title="bbox 952 125 1007 171; baseline 0 0"><span class='ocrx_word' id='word_1_1' title='bbox 952 125 1007 171; x_wconf 81' lang='lat'>62</span> 
     </span>
    </p>
   </div>
   <div class='ocr_carea' id='block_1_2' title="bbox 295 251 1716 2554">
    <p class='ocr_par' dir='ltr' id='par_1_2' title="bbox 295 251 1716 633">
     <span class='ocr_line' id='line_1_2' title="bbox 296 251 1662 305; baseline 0.005 -14"><span class='ocrx_word' id='word_1_2' title='bbox 296 251 615 305; x_wconf 83' lang='lat' dir='ltr'>intelligendum</span> <span class='ocrx_word' id='word_1_3' title='bbox 665 254 717 294; x_wconf 87' lang='lat' dir='ltr'>sit</span> <span class='ocrx_word' id='word_1_4' title='bbox 765 266 820 294; x_wconf 82' lang='lat' dir='ltr'>ex</span> <span class='ocrx_word' id='word_1_5' title='bbox 863 257 951 293; x_wconf 90' lang='lat' dir='ltr'>toto</span> <span class='ocrx_word' id='word_1_6' title='bbox 1001 251 1171 295; x_wconf 88' lang='lat' dir='ltr'>demum</span> <span class='ocrx_word' id='word_1_7' title='bbox 1210 254 1515 297; x_wconf 85' lang='lat' dir='ltr'>sententiarum</span> <span class='ocrx_word' id='word_1_8' title='bbox 1546 270 1662 298; x_wconf 88' lang='lat' dir='ltr'>nexu</span> 
     </span>
     <span class='ocr_line' id='line_1_3' title="bbox 298 316 1716 372; baseline 0.006 -14"><span class='ocrx_word' id='word_1_9' title='bbox 298 319 496 372; x_wconf 85' lang='lat' dir='ltr'>cernitur,</span> <span class='ocrx_word' id='word_1_10' title='bbox 529 334 624 360; x_wconf 88' lang='lat' dir='ltr'>cum</span> <span class='ocrx_word' id='word_1_11' title='bbox 655 320 783 362; x_wconf 85' lang='lat' dir='ltr'>verbo</span> <span class='ocrx_word' id='word_1_12' title='bbox 815 316 939 362; x_wconf 80' lang='grc' dir='ltr'><em>ἀνατί</em></span> <span class='ocrx_word' id='word_1_13' title='bbox 962 335 1048 362; x_wconf 86' lang='lat' dir='ltr'>una</span> <span class='ocrx_word' id='word_1_14' title='bbox 1079 326 1191 362; x_wconf 86' lang='lat' dir='ltr'>certa</span> <span class='ocrx_word' id='word_1_15' title='bbox 1223 321 1360 363; x_wconf 81' lang='lat' dir='ltr'><strong>subsit</strong></span> <span class='ocrx_word' id='word_1_16' title='bbox 1392 323 1521 364; x_wconf 86' lang='lat' dir='ltr'>notio.</span> <span class='ocrx_word' id='word_1_17' title='bbox 1581 324 1661 366; x_wconf 83' lang='lat' dir='ltr'>Ae·</span> <span class='ocrx_word' id='word_1_18' title='bbox 1715 335 1716 339; x_wconf 77' lang='grc'>’</span> 
     </span>
     <span class='ocr_line' id='line_1_4' title="bbox 298 385 1662 447; baseline 0.004 -21"><span class='ocrx_word' id='word_1_19' title='bbox 298 386 420 439; x_wconf 82' lang='lat' dir='ltr'>cedit,</span> <span class='ocrx_word' id='word_1_20' title='bbox 455 387 570 442; x_wconf 86' lang='lat' dir='ltr'>quod</span> <span class='ocrx_word' id='word_1_21' title='bbox 601 385 754 440; x_wconf 80' lang='grc' dir='ltr'><em>ἄτιμον</em></span> <span class='ocrx_word' id='word_1_22' title='bbox 795 402 843 429; x_wconf 87' lang='lat' dir='ltr'>eo</span> <span class='ocrx_word' id='word_1_23' title='bbox 874 389 1012 442; x_wconf 82' lang='lat' dir='ltr'>magis</span> <span class='ocrx_word' id='word_1_24' title='bbox 1045 389 1197 442; x_wconf 81' lang='lat' dir='ltr'>egebat</span> <span class='ocrx_word' id='word_1_25' title='bbox 1228 390 1529 445; x_wconf 77' lang='lat' dir='ltr'>explicatione,</span> <span class='ocrx_word' id='word_1_26' title='bbox 1561 392 1662 447; x_wconf 90' lang='lat' dir='ltr'>quia</span> 
     </span>
     <span class='ocr_line' id='line_1_5' title="bbox 296 453 1662 514; baseline 0.004 -20"><span class='ocrx_word' id='word_1_27' title='bbox 296 453 411 495; x_wconf 82' lang='lat' dir='ltr'>haud</span> <span class='ocrx_word' id='word_1_28' title='bbox 450 469 576 510; x_wconf 81' lang='lat' dir='ltr'>saepe</span> <span class='ocrx_word' id='word_1_29' title='bbox 618 456 676 496; x_wconf 87' lang='lat' dir='ltr'>ita</span> <span class='ocrx_word' id='word_1_30' title='bbox 714 462 966 511; x_wconf 84' lang='lat' dir='ltr'>usurpatur,</span> <span class='ocrx_word' id='word_1_31' title='bbox 1016 462 1062 497; x_wconf 92' lang='lat' dir='ltr'>ut</span> <span class='ocrx_word' id='word_1_32' title='bbox 1099 455 1212 498; x_wconf 87' lang='lat' dir='ltr'>idem</span> <span class='ocrx_word' id='word_1_33' title='bbox 1245 457 1334 498; x_wconf 90' lang='lat' dir='ltr'>fere</span> <span class='ocrx_word' id='word_1_34' title='bbox 1364 457 1507 499; x_wconf 83' lang='lat' dir='ltr'>valeat</span> <span class='ocrx_word' id='word_1_35' title='bbox 1536 464 1662 514; x_wconf 85' lang='lat' dir='ltr'>atque</span> 
     </span>
     <span class='ocr_line' id='line_1_6' title="bbox 295 517 1661 582; baseline 0.004 -20"><span class='ocrx_word' id='word_1_36' title='bbox 295 517 570 578; x_wconf 77' lang='grc' dir='ltr'><em>ἀτιμώρητος.</em></span> <span class='ocrx_word' id='word_1_37' title='bbox 621 523 683 565; x_wconf 83' lang='lat' dir='ltr'>Cf.</span> <span class='ocrx_word' id='word_1_38' title='bbox 717 523 869 565; x_wconf 89' lang='lat' dir='ltr'>Aesch.</span> <span class='ocrx_word' id='word_1_39' title='bbox 900 525 1052 579; x_wconf 84' lang='lat' dir='ltr'>Agam.</span> <span class='ocrx_word' id='word_1_40' title='bbox 1085 521 1208 567; x_wconf 77' lang='grc'><strong>1279.</strong></span> <span class='ocrx_word' id='word_1_41' title='bbox 1249 524 1389 567; x_wconf 85' lang='lat' dir='ltr'>Valek</span> <span class='ocrx_word' id='word_1_42' title='bbox 1421 525 1488 567; x_wconf 83' lang='lat' dir='ltr'>ad.</span> <span class='ocrx_word' id='word_1_43' title='bbox 1527 526 1661 582; x_wconf 86' lang='lat' dir='ltr'>Hipp.</span> 
     </span>
     <span class='ocr_line' id='line_1_7' title="bbox 295 589 492 633; baseline 0 0"><span class='ocrx_word' id='word_1_44' title='bbox 295 607 335 633; x_wconf 87' lang='lat' dir='ltr'>v.</span> <span class='ocrx_word' id='word_1_45' title='bbox 367 589 492 633; x_wconf 82' lang='grc'><strong>1416.</strong></span> 
     </span>
    </p>

    <p class='ocr_par' dir='ltr' id='par_1_3' title="bbox 296 654 1664 920">
     <span class='ocr_line' id='line_1_8' title="bbox 409 654 1664 714; baseline 0.002 -14"><span class='ocrx_word' id='word_1_46' title='bbox 409 658 573 703; x_wconf 83' lang='lat' dir='ltr'>Andr.</span> <span class='ocrx_word' id='word_1_47' title='bbox 605 674 643 702; x_wconf 89' lang='lat' dir='ltr'>V.</span> <span class='ocrx_word' id='word_1_48' title='bbox 678 656 782 701; x_wconf 83' lang='lat'>133:</span> <span class='ocrx_word' id='word_1_49' title='bbox 810 658 861 701; x_wconf 84' lang='grc' dir='ltr'><em>τὸ</em></span> <span class='ocrx_word' id='word_1_50' title='bbox 895 659 1045 714; x_wconf 85' lang='grc' dir='ltr'><em>κράτος</em></span> <span class='ocrx_word' id='word_1_51' title='bbox 1073 661 1124 702; x_wconf 75' lang='grc' dir='ltr'>δέ</span> <span class='ocrx_word' id='word_1_52' title='bbox 1153 660 1187 702; x_wconf 85' lang='lat'>‹5’</span> <span class='ocrx_word' id='word_1_53' title='bbox 1213 660 1356 703; x_wconf 81' lang='grc' dir='ltr'><em>ἔπεισι</em></span> <span class='ocrx_word' id='word_1_54' title='bbox 1388 660 1424 700; x_wconf 93' lang='grc' dir='ltr'><strong>Α</strong></span> <span class='ocrx_word' id='word_1_55' title='bbox 1445 654 1493 702; x_wconf 84' lang='grc' dir='ltr'><em>τὸ</em></span> <span class='ocrx_word' id='word_1_56' title='bbox 1512 659 1664 714; x_wconf 74' lang='grc' dir='ltr'><em>κράτος</em></span> 
     </span>
     <span class='ocr_line' id='line_1_9' title="bbox 296 725 1660 784; baseline -0.001 -14"><span class='ocrx_word' id='word_1_57' title='bbox 296 729 331 770; x_wconf 82' lang='lat' dir='ltr'>B</span> <span class='ocrx_word' id='word_1_58' title='bbox 362 727 411 769; x_wconf 86' lang='grc' dir='ltr'><em>τὸ</em></span> <span class='ocrx_word' id='word_1_59' title='bbox 439 727 617 782; x_wconf 81' lang='grc' dir='ltr'><em>κρατοῦν</em></span> <span class='ocrx_word' id='word_1_60' title='bbox 644 731 757 779; x_wconf 87' lang='grc'><strong>(011111</strong></span> <span class='ocrx_word' id='word_1_61' title='bbox 783 743 821 769; x_wconf 87' lang='lat' dir='ltr'>v.</span> <span class='ocrx_word' id='word_1_62' title='bbox 856 728 881 769; x_wconf 93' lang='grc'>1.</span> <span class='ocrx_word' id='word_1_63' title='bbox 913 725 962 769; x_wconf 85' lang='grc' dir='ltr'><em>τὸ</em></span> <span class='ocrx_word' id='word_1_64' title='bbox 998 728 1149 783; x_wconf 82' lang='grc' dir='ltr'><em>κράτος</em></span> <span class='ocrx_word' id='word_1_65' title='bbox 1175 743 1201 769; x_wconf 88' lang='lat' dir='ltr'>a</span> <span class='ocrx_word' id='word_1_66' title='bbox 1230 744 1285 768; x_wconf 93' lang='lat' dir='ltr'>m.</span> <span class='ocrx_word' id='word_1_67' title='bbox 1317 728 1431 784; x_wconf 74' lang='lat' dir='ltr'>see).</span> <span class='ocrx_word' id='word_1_68' title='bbox 1464 728 1586 784; x_wconf 83' lang='lat' dir='ltr'>[C]E</span> <span class='ocrx_word' id='word_1_69' title='bbox 1611 727 1660 770; x_wconf 88' lang='grc' dir='ltr'><em>τὸ</em></span> 
     </span>
     <span class='ocr_line' id='line_1_10' title="bbox 297 792 1664 852; baseline 0 -14"><span class='ocrx_word' id='word_1_70' title='bbox 297 796 492 851; x_wconf 80' lang='grc' dir='ltr'><em>κρατοῦν,</em></span> <span class='ocrx_word' id='word_1_71' title='bbox 524 795 676 836; x_wconf 85' lang='lat' dir='ltr'>abch</span> <span class='ocrx_word' id='word_1_72' title='bbox 706 794 755 837; x_wconf 86' lang='grc' dir='ltr'><em>τὸ</em></span> <span class='ocrx_word' id='word_1_73' title='bbox 780 795 946 852; x_wconf 85' lang='grc' dir='ltr'><em>κράτος,</em></span> <span class='ocrx_word' id='word_1_74' title='bbox 980 795 1013 837; x_wconf 85' lang='lat' dir='ltr'><em>C</em></span> <span class='ocrx_word' id='word_1_75' title='bbox 1030 792 1079 837; x_wconf 84' lang='grc' dir='ltr'><em>τὸ</em></span> <span class='ocrx_word' id='word_1_76' title='bbox 1110 795 1302 852; x_wconf 84' lang='grc' dir='ltr'><em>κρατοῦν.</em></span> <span class='ocrx_word' id='word_1_77' title='bbox 1361 795 1527 838; x_wconf 77' lang='lat' dir='ltr'>SehoL:</span> <span class='ocrx_word' id='word_1_78' title='bbox 1557 799 1664 842; x_wconf 75' lang='grc' dir='ltr'><em>τινές</em></span> 
     </span>
     <span class='ocr_line' id='line_1_11' title="bbox 297 859 1150 920; baseline 0 -14"><span class='ocrx_word' id='word_1_79' title='bbox 297 863 522 920; x_wconf 72' lang='grc' dir='ltr'><em>γράφουσι,</em></span> <span class='ocrx_word' id='word_1_80' title='bbox 553 859 602 905; x_wconf 79' lang='grc' dir='ltr'><em>τὸ</em></span> <span class='ocrx_word' id='word_1_81' title='bbox 628 863 807 918; x_wconf 77' lang='grc' dir='ltr'><em>κρατοῦν</em></span> <span class='ocrx_word' id='word_1_82' title='bbox 839 866 889 905; x_wconf 80' lang='grc' dir='ltr'>δέ</span> <span class='ocrx_word' id='word_1_83' title='bbox 916 875 966 905; x_wconf 87' lang='grc' dir='ltr'>σε</span> <span class='ocrx_word' id='word_1_84' title='bbox 996 867 1150 907; x_wconf 82' lang='grc' dir='ltr'><em>πείσει.</em></span> 
     </span>
    </p>

    <p class='ocr_par' dir='ltr' id='par_1_4' title="bbox 297 929 1706 1790">
     <span class='ocr_line' id='line_1_12' title="bbox 410 929 1662 987; baseline -0.001 -14"><span class='ocrx_word' id='word_1_85' title='bbox 410 932 551 987; x_wconf 82' lang='lat' dir='ltr'>Supra</span> <span class='ocrx_word' id='word_1_86' title='bbox 582 946 624 987; x_wconf 59' lang='lat' dir='ltr'>p⁴</span> <span class='ocrx_word' id='word_1_87' title='bbox 654 929 722 975; x_wconf 81' lang='lat'>41.</span> <span class='ocrx_word' id='word_1_88' title='bbox 761 932 854 986; x_wconf 81' lang='lat' dir='ltr'>jam</span> <span class='ocrx_word' id='word_1_89' title='bbox 893 932 1080 973; x_wconf 77' lang='lat' dir='ltr'>vidimus</span> <span class='ocrx_word' id='word_1_90' title='bbox 1121 931 1166 973; x_wconf 77' lang='grc' dir='ltr'>σὲ·</span> <span class='ocrx_word' id='word_1_91' title='bbox 1197 934 1338 973; x_wconf 79' lang='grc' dir='ltr'><em>πείσει</em></span> <span class='ocrx_word' id='word_1_92' title='bbox 1369 931 1524 973; x_wconf 87' lang='lat' dir='ltr'>falsum</span> <span class='ocrx_word' id='word_1_93' title='bbox 1556 946 1662 973; x_wconf 82' lang='lat' dir='ltr'>esse.</span> 
     </span>
     <span class='ocr_line' id='line_1_13' title="bbox 297 998 1706 1057; baseline -0.001 -15"><span class='ocrx_word' id='word_1_94' title='bbox 297 1000 485 1042; x_wconf 83' lang='lat' dir='ltr'>Verbum</span> <span class='ocrx_word' id='word_1_95' title='bbox 516 1006 658 1040; x_wconf 80' lang='lat' dir='ltr'>autem</span> <span class='ocrx_word' id='word_1_96' title='bbox 687 999 802 1055; x_wconf 83' lang='lat' dir='ltr'>quod</span> <span class='ocrx_word' id='word_1_97' title='bbox 826 1004 888 1041; x_wconf 87' lang='lat' dir='ltr'>est</span> <span class='ocrx_word' id='word_1_98' title='bbox 907 999 1088 1055; x_wconf 81' lang='grc' dir='ltr'><em>κρατοῦν</em></span> <span class='ocrx_word' id='word_1_99' title='bbox 1122 1005 1162 1040; x_wconf 89' lang='lat' dir='ltr'>et</span> <span class='ocrx_word' id='word_1_100' title='bbox 1194 998 1387 1040; x_wconf 83' lang='lat' dir='ltr'>codicum</span> <span class='ocrx_word' id='word_1_101' title='bbox 1416 1000 1663 1041; x_wconf 85' lang='lat' dir='ltr'>auctoritate</span> <span class='ocrx_word' id='word_1_102' title='bbox 1694 1055 1706 1057; x_wconf 26' lang='lat' dir='ltr'>ij</span> 
     </span>
     <span class='ocr_line' id='line_1_14' title="bbox 297 1067 1664 1124; baseline -0.001 -15"><span class='ocrx_word' id='word_1_103' title='bbox 297 1083 433 1124; x_wconf 86' lang='lat' dir='ltr'>aeque</span> <span class='ocrx_word' id='word_1_104' title='bbox 463 1068 735 1109; x_wconf 82' lang='lat' dir='ltr'>confirmatur</span> <span class='ocrx_word' id='word_1_105' title='bbox 765 1073 892 1123; x_wconf 79' lang='lat' dir='ltr'>atque</span> <span class='ocrx_word' id='word_1_106' title='bbox 935 1067 1084 1123; x_wconf 84' lang='grc' dir='ltr'><em>κράτος</em></span> <span class='ocrx_word' id='word_1_107' title='bbox 1132 1082 1271 1124; x_wconf 89' lang='lat' dir='ltr'>neque</span> <span class='ocrx_word' id='word_1_108' title='bbox 1315 1082 1393 1123; x_wconf 88' lang='lat' dir='ltr'>per</span> <span class='ocrx_word' id='word_1_109' title='bbox 1424 1082 1468 1108; x_wconf 84' lang='lat' dir='ltr'>se</span> <span class='ocrx_word' id='word_1_110' title='bbox 1499 1073 1562 1109; x_wconf 86' lang='lat' dir='ltr'>est</span> <span class='ocrx_word' id='word_1_111' title='bbox 1591 1068 1664 1108; x_wconf 88' lang='lat' dir='ltr'>im-</span> 
     </span>
     <span class='ocr_line' id='line_1_15' title="bbox 297 1133 1662 1192; baseline -0.001 -15"><span class='ocrx_word' id='word_1_112' title='bbox 297 1136 577 1192; x_wconf 82' lang='lat' dir='ltr'>probandum.</span> <span class='ocrx_word' id='word_1_113' title='bbox 638 1135 703 1178; x_wconf 81' lang='lat' dir='ltr'>Cf.</span> <span class='ocrx_word' id='word_1_114' title='bbox 738 1135 913 1191; x_wconf 88' lang='lat' dir='ltr'>Hippol.</span> <span class='ocrx_word' id='word_1_115' title='bbox 952 1151 991 1179; x_wconf 85' lang='lat' dir='ltr'>v.</span> <span class='ocrx_word' id='word_1_116' title='bbox 1024 1133 1129 1178; x_wconf 74' lang='lat'>248:</span> <span class='ocrx_word' id='word_1_117' title='bbox 1179 1135 1227 1177; x_wconf 87' lang='grc' dir='ltr'><em>τὸ</em></span> <span class='ocrx_word' id='word_1_118' title='bbox 1266 1135 1538 1189; x_wconf 81' lang='grc' dir='ltr'><em>μαινόμενον,</em></span> <span class='ocrx_word' id='word_1_119' title='bbox 1589 1135 1662 1175; x_wconf 91' lang='lat' dir='ltr'>ubi</span> 
     </span>
     <span class='ocr_line' id='line_1_16' title="bbox 300 1200 1662 1259; baseline 0.002 -14"><span class='ocrx_word' id='word_1_120' title='bbox 300 1204 394 1245; x_wconf 84' lang='lat' dir='ltr'>vide</span> <span class='ocrx_word' id='word_1_121' title='bbox 425 1218 534 1259; x_wconf 80' lang='lat' dir='ltr'>quae</span> <span class='ocrx_word' id='word_1_122' title='bbox 560 1208 733 1244; x_wconf 82' lang='lat' dir='ltr'>annotat</span> <span class='ocrx_word' id='word_1_123' title='bbox 755 1202 950 1247; x_wconf 74' lang='lat' dir='ltr'>Weilius.</span> <span class='ocrx_word' id='word_1_124' title='bbox 982 1204 1086 1245; x_wconf 81' lang='lat' dir='ltr'>Hee.</span> <span class='ocrx_word' id='word_1_125' title='bbox 1109 1219 1147 1247; x_wconf 83' lang='lat' dir='ltr'>v.</span> <span class='ocrx_word' id='word_1_126' title='bbox 1176 1200 1281 1245; x_wconf 68' lang='lat'>⁸297:</span> <span class='ocrx_word' id='word_1_127' title='bbox 1310 1203 1368 1259; x_wconf 77' lang='grc' dir='ltr'><em>τῷ</em></span> <span class='ocrx_word' id='word_1_128' title='bbox 1394 1206 1662 1258; x_wconf 69' lang='grc' dir='ltr'><em>θυμουμένῳ.</em></span> 
     </span>
     <span class='ocr_line' id='line_1_17' title="bbox 298 1268 1665 1327; baseline -0.001 -14"><span class='ocrx_word' id='word_1_129' title='bbox 298 1273 435 1316; x_wconf 82' lang='lat' dir='ltr'>Orest.</span> <span class='ocrx_word' id='word_1_130' title='bbox 483 1288 523 1313; x_wconf 79' lang='lat' dir='ltr'>v.</span> <span class='ocrx_word' id='word_1_131' title='bbox 567 1268 671 1314; x_wconf 76' lang='grc' dir='ltr'>20οε</span> <span class='ocrx_word' id='word_1_132' title='bbox 720 1271 779 1327; x_wconf 71' lang='grc' dir='ltr'><em>τῷ</em></span> <span class='ocrx_word' id='word_1_133' title='bbox 824 1275 1078 1327; x_wconf 74' lang='grc' dir='ltr'><em>παρειμένῳ.</em></span> <span class='ocrx_word' id='word_1_134' title='bbox 1139 1272 1269 1327; x_wconf 79' lang='lat' dir='ltr'>Soph.</span> <span class='ocrx_word' id='word_1_135' title='bbox 1302 1271 1411 1316; x_wconf 82' lang='lat' dir='ltr'>Phil.</span> <span class='ocrx_word' id='word_1_136' title='bbox 1441 1268 1536 1314; x_wconf 77' lang='grc'><strong>675.</strong></span> <span class='ocrx_word' id='word_1_137' title='bbox 1597 1270 1665 1316; x_wconf 76' lang='lat' dir='ltr'>Cf.</span> 
     </span>
     <span class='ocr_line' id='line_1_18' title="bbox 298 1336 1664 1396; baseline -0.001 -14"><span class='ocrx_word' id='word_1_138' title='bbox 298 1340 489 1382; x_wconf 77' lang='lat' dir='ltr'>Classen.</span> <span class='ocrx_word' id='word_1_139' title='bbox 523 1340 591 1384; x_wconf 82' lang='lat' dir='ltr'>ad,</span> <span class='ocrx_word' id='word_1_140' title='bbox 619 1338 761 1384; x_wconf 85' lang='lat' dir='ltr'>Thuk.</span> <span class='ocrx_word' id='word_1_141' title='bbox 794 1339 827 1380; x_wconf 93' lang='lat' dir='ltr'>I.</span> <span class='ocrx_word' id='word_1_142' title='bbox 854 1336 922 1383; x_wconf 78' lang='grc'>36.</span> <span class='ocrx_word' id='word_1_143' title='bbox 951 1337 990 1380; x_wconf 86' lang='grc'>1.</span> <span class='ocrx_word' id='word_1_144' title='bbox 1049 1339 1200 1396; x_wconf 88' lang='lat' dir='ltr'>Neque</span> <span class='ocrx_word' id='word_1_145' title='bbox 1227 1346 1370 1382; x_wconf 85' lang='lat' dir='ltr'>tamen</span> <span class='ocrx_word' id='word_1_146' title='bbox 1403 1339 1509 1380; x_wconf 87' lang='lat' dir='ltr'>haec</span> <span class='ocrx_word' id='word_1_147' title='bbox 1538 1338 1664 1380; x_wconf 89' lang='lat' dir='ltr'>lectio</span> 
     </span>
     <span class='ocr_line' id='line_1_19' title="bbox 297 1406 1663 1464; baseline -0.001 -15"><span class='ocrx_word' id='word_1_148' title='bbox 297 1424 383 1449; x_wconf 86' lang='lat' dir='ltr'>non</span> <span class='ocrx_word' id='word_1_149' title='bbox 414 1408 583 1450; x_wconf 83' lang='lat' dir='ltr'>videtur</span> <span class='ocrx_word' id='word_1_150' title='bbox 612 1422 704 1449; x_wconf 84' lang='lat' dir='ltr'>esse</span> <span class='ocrx_word' id='word_1_151' title='bbox 735 1407 983 1462; x_wconf 85' lang='lat' dir='ltr'>rejicienda,</span> <span class='ocrx_word' id='word_1_152' title='bbox 1026 1409 1211 1462; x_wconf 84' lang='lat' dir='ltr'>primum</span> <span class='ocrx_word' id='word_1_153' title='bbox 1245 1409 1345 1464; x_wconf 87' lang='lat' dir='ltr'>quia</span> <span class='ocrx_word' id='word_1_154' title='bbox 1377 1406 1588 1449; x_wconf 80' lang='lat' dir='ltr'>scholium</span> <span class='ocrx_word' id='word_1_155' title='bbox 1621 1408 1663 1447; x_wconf 91' lang='lat' dir='ltr'>in</span> 
     </span>
     <span class='ocr_line' id='line_1_20' title="bbox 298 1474 1666 1532; baseline -0.001 -15"><span class='ocrx_word' id='word_1_156' title='bbox 298 1492 382 1532; x_wconf 87' lang='lat' dir='ltr'>quo</span> <span class='ocrx_word' id='word_1_157' title='bbox 414 1476 600 1528; x_wconf 82' lang='lat' dir='ltr'>affertur,</span> <span class='ocrx_word' id='word_1_158' title='bbox 635 1481 798 1531; x_wconf 82' lang='lat' dir='ltr'>spectat</span> <span class='ocrx_word' id='word_1_159' title='bbox 820 1475 873 1517; x_wconf 82' lang='lat' dir='ltr'>ad</span> <span class='ocrx_word' id='word_1_160' title='bbox 902 1475 1179 1531; x_wconf 79' lang='lat' dir='ltr'>depravatam</span> <span class='ocrx_word' id='word_1_161' title='bbox 1210 1477 1464 1530; x_wconf 79' lang='lat' dir='ltr'>scripturam</span> <span class='ocrx_word' id='word_1_162' title='bbox 1496 1474 1666 1529; x_wconf 64' lang='lat' dir='ltr'>(nemci-</span> 
     </span>
     <span class='ocr_line' id='line_1_21' title="bbox 298 1542 1666 1599; baseline -0.003 -13"><span class='ocrx_word' id='word_1_163' title='bbox 298 1543 438 1586; x_wconf 81' lang='grc' dir='ltr'><em>τωσάν</em></span> <span class='ocrx_word' id='word_1_164' title='bbox 486 1556 533 1585; x_wconf 89' lang='grc' dir='ltr'>σε</span> <span class='ocrx_word' id='word_1_165' title='bbox 564 1544 605 1585; x_wconf 82' lang='grc' dir='ltr'>οἱ</span> <span class='ocrx_word' id='word_1_166' title='bbox 635 1542 873 1596; x_wconf 79' lang='grc' dir='ltr'><em>δεσπόται),</em></span> <span class='ocrx_word' id='word_1_167' title='bbox 919 1551 1007 1584; x_wconf 89' lang='lat' dir='ltr'>tum</span> <span class='ocrx_word' id='word_1_168' title='bbox 1056 1544 1157 1599; x_wconf 83' lang='lat' dir='ltr'>quia</span> <span class='ocrx_word' id='word_1_169' title='bbox 1203 1542 1252 1585; x_wconf 82' lang='grc' dir='ltr'><em>τὸ</em></span> <span class='ocrx_word' id='word_1_170' title='bbox 1286 1544 1468 1598; x_wconf 80' lang='grc' dir='ltr'><em>κρατοῦν</em></span> <span class='ocrx_word' id='word_1_171' title='bbox 1500 1542 1666 1585; x_wconf 82' lang='lat' dir='ltr'>videtur</span> 
     </span>
     <span class='ocr_line' id='line_1_22' title="bbox 300 1607 1664 1668; baseline -0.001 -15"><span class='ocrx_word' id='word_1_172' title='bbox 300 1627 389 1653; x_wconf 85' lang='lat' dir='ltr'>esse</span> <span class='ocrx_word' id='word_1_173' title='bbox 434 1613 695 1668; x_wconf 80' lang='lat' dir='ltr'>interpretis,</span> <span class='ocrx_word' id='word_1_174' title='bbox 749 1613 821 1667; x_wconf 86' lang='lat' dir='ltr'>qui</span> <span class='ocrx_word' id='word_1_175' title='bbox 864 1607 912 1653; x_wconf 82' lang='grc' dir='ltr'><em>τὸ</em></span> <span class='ocrx_word' id='word_1_176' title='bbox 955 1612 1108 1666; x_wconf 84' lang='grc' dir='ltr'><em>κράτος</em></span> <span class='ocrx_word' id='word_1_177' title='bbox 1154 1611 1422 1653; x_wconf 86' lang='lat' dir='ltr'>referendum</span> <span class='ocrx_word' id='word_1_178' title='bbox 1471 1625 1563 1652; x_wconf 90' lang='lat' dir='ltr'>esse</span> <span class='ocrx_word' id='word_1_179' title='bbox 1609 1609 1664 1651; x_wconf 87' lang='lat' dir='ltr'>ad</span> 
     </span>
     <span class='ocr_line' id='line_1_23' title="bbox 299 1676 1664 1735; baseline -0.001 -14"><span class='ocrx_word' id='word_1_180' title='bbox 299 1681 491 1723; x_wconf 88' lang='lat' dir='ltr'>homines</span> <span class='ocrx_word' id='word_1_181' title='bbox 524 1685 716 1735; x_wconf 84' lang='lat' dir='ltr'>potentes</span> <span class='ocrx_word' id='word_1_182' title='bbox 748 1680 805 1731; x_wconf 77' lang='grc' dir='ltr'>(οἱ</span> <span class='ocrx_word' id='word_1_183' title='bbox 833 1678 1038 1721; x_wconf 79' lang='grc' dir='ltr'><em>δεσπόται</em></span> <span class='ocrx_word' id='word_1_184' title='bbox 1068 1680 1199 1720; x_wconf 85' lang='lat' dir='ltr'>schol.</span> <span class='ocrx_word' id='word_1_185' title='bbox 1229 1695 1268 1720; x_wconf 75' lang='lat' dir='ltr'>v,</span> <span class='ocrx_word' id='word_1_186' title='bbox 1300 1677 1338 1720; x_wconf 83' lang='grc'>6.</span> <span class='ocrx_word' id='word_1_187' title='bbox 1371 1676 1428 1732; x_wconf 76' lang='lat' dir='ltr'>S.)</span> <span class='ocrx_word' id='word_1_188' title='bbox 1473 1678 1664 1719; x_wconf 87' lang='lat' dir='ltr'>indicare</span> 
     </span>
     <span class='ocr_line' id='line_1_24' title="bbox 298 1749 525 1790; baseline -0.004 -1"><span class='ocrx_word' id='word_1_189' title='bbox 298 1749 445 1790; x_wconf 87' lang='lat' dir='ltr'>voluit.</span> <span class='ocrx_word' id='word_1_190' title='bbox 471 1775 525 1778; x_wconf 84' lang='lat'>—</span> 
     </span>
    </p>

    <p class='ocr_par' dir='ltr' id='par_1_5' title="bbox 412 1812 875 1872">
     <span class='ocr_line' id='line_1_25' title="bbox 412 1812 875 1872; baseline -0.002 -15"><span class='ocrx_word' id='word_1_191' title='bbox 412 1817 574 1861; x_wconf 83' lang='lat' dir='ltr'>Andr.</span> <span class='ocrx_word' id='word_1_192' title='bbox 605 1831 644 1858; x_wconf 88' lang='lat' dir='ltr'>v.</span> <span class='ocrx_word' id='word_1_193' title='bbox 673 1812 757 1858; x_wconf 81' lang='grc'>286</span> <span class='ocrx_word' id='word_1_194' title='bbox 789 1831 875 1872; x_wconf 86' lang='lat' dir='ltr'>sq.:</span> 
     </span>
    </p>

    <p class='ocr_par' dir='ltr' id='par_1_6' title="bbox 468 1880 1153 2075">
     <span class='ocr_line' id='line_1_26' title="bbox 469 1880 1153 1940; baseline -0.006 -13"><span class='ocrx_word' id='word_1_195' title='bbox 469 1884 571 1940; x_wconf 80' lang='grc' dir='ltr'><em>ἔβαν</em></span> <span class='ocrx_word' id='word_1_196' title='bbox 603 1885 652 1927; x_wconf 79' lang='grc' dir='ltr'>δὲ</span> <span class='ocrx_word' id='word_1_197' title='bbox 684 1885 926 1939; x_wconf 83' lang='grc' dir='ltr'><em>Πριαμίδαν</em></span> <span class='ocrx_word' id='word_1_198' title='bbox 957 1880 1066 1937; x_wconf 76' lang='grc' dir='ltr'><em>ὑπερ</em></span> <span class='ocrx_word' id='word_1_199' title='bbox 1098 1905 1153 1911; x_wconf 81' lang='lat'>--</span> 
     </span>
     <span class='ocr_line' id='line_1_27' title="bbox 468 1949 1056 2007; baseline -0.005 -12"><span class='ocrx_word' id='word_1_200' title='bbox 468 1954 611 2007; x_wconf 81' lang='grc' dir='ltr'><em>βολαῖς</em></span> <span class='ocrx_word' id='word_1_201' title='bbox 638 1952 771 2004; x_wconf 83' lang='grc' dir='ltr'><em>λόγων</em></span> <span class='ocrx_word' id='word_1_202' title='bbox 800 1949 1056 2007; x_wconf 81' lang='grc' dir='ltr'><em>δυσφρόνων</em></span> 
     </span>
     <span class='ocr_line' id='line_1_28' title="bbox 468 2018 937 2075; baseline -0.002 -12"><span class='ocrx_word' id='word_1_203' title='bbox 468 2018 855 2075; x_wconf 83' lang='grc' dir='ltr'><em>παραβαλλόμεναι.</em></span> <span class='ocrx_word' id='word_1_204' title='bbox 883 2044 937 2049; x_wconf 97' lang='grc'>-</span> 
     </span>
    </p>

    <p class='ocr_par' dir='ltr' id='par_1_7' title="bbox 299 2082 1668 2554">
     <span class='ocr_line' id='line_1_29' title="bbox 412 2082 1666 2143; baseline -0.006 -13"><span class='ocrx_word' id='word_1_205' title='bbox 412 2089 555 2132; x_wconf 79' lang='lat' dir='ltr'>Schol.</span> <span class='ocrx_word' id='word_1_206' title='bbox 577 2088 678 2129; x_wconf 88' lang='lat' dir='ltr'>AB:</span> <span class='ocrx_word' id='word_1_207' title='bbox 708 2087 818 2134; x_wconf 82' lang='grc' dir='ltr'><em>τινὲς</em></span> <span class='ocrx_word' id='word_1_208' title='bbox 839 2086 1051 2143; x_wconf 79' lang='grc' dir='ltr'><em>γράφουσι</em></span> <span class='ocrx_word' id='word_1_209' title='bbox 1069 2083 1300 2140; x_wconf 78' lang='grc' dir='ltr'><em>δυσφόρων</em></span> <span class='ocrx_word' id='word_1_210' title='bbox 1318 2109 1368 2116; x_wconf 85' lang='grc'>-</span> <span class='ocrx_word' id='word_1_211' title='bbox 1386 2083 1472 2127; x_wconf 84' lang='grc' dir='ltr'><em>κτλ.</em></span> <span class='ocrx_word' id='word_1_212' title='bbox 1504 2082 1666 2124; x_wconf 85' lang='lat' dir='ltr'>Eadem</span> 
     </span>
     <span class='ocr_line' id='line_1_30' title="bbox 300 2150 1665 2200; baseline -0.006 0"><span class='ocrx_word' id='word_1_213' title='bbox 300 2159 420 2200; x_wconf 85' lang='lat' dir='ltr'>lectio</span> <span class='ocrx_word' id='word_1_214' title='bbox 451 2158 666 2199; x_wconf 83' lang='lat' dir='ltr'>invenitur</span> <span class='ocrx_word' id='word_1_215' title='bbox 697 2157 740 2196; x_wconf 90' lang='lat' dir='ltr'>in</span> <span class='ocrx_word' id='word_1_216' title='bbox 771 2155 967 2197; x_wconf 86' lang='lat' dir='ltr'>lemmate</span> <span class='ocrx_word' id='word_1_217' title='bbox 1005 2154 1134 2195; x_wconf 83' lang='lat' dir='ltr'>schol.</span> <span class='ocrx_word' id='word_1_218' title='bbox 1166 2150 1250 2196; x_wconf 78' lang='grc'>288</span> <span class='ocrx_word' id='word_1_219' title='bbox 1282 2151 1404 2195; x_wconf 84' lang='lat' dir='ltr'>codd.</span> <span class='ocrx_word' id='word_1_220' title='bbox 1435 2151 1521 2192; x_wconf 85' lang='lat' dir='ltr'>Aa:</span> <span class='ocrx_word' id='word_1_221' title='bbox 1567 2152 1665 2192; x_wconf 79' lang='grc' dir='ltr'><em>δυσ-</em></span> 
     </span>
     <span class='ocr_line' id='line_1_31' title="bbox 299 2218 1667 2282; baseline -0.006 -15"><span class='ocrx_word' id='word_1_222' title='bbox 299 2227 471 2282; x_wconf 72' lang='grc' dir='ltr'><em>φόρωνε</em></span> <span class='ocrx_word' id='word_1_223' title='bbox 500 2225 756 2278; x_wconf 82' lang='grc' dir='ltr'><em>βλαπτικῶν.</em></span> <span class='ocrx_word' id='word_1_224' title='bbox 817 2223 1061 2278; x_wconf 87' lang='lat' dir='ltr'>Ascriptum</span> <span class='ocrx_word' id='word_1_225' title='bbox 1083 2221 1262 2263; x_wconf 81' lang='lat' dir='ltr'>fortasse</span> <span class='ocrx_word' id='word_1_226' title='bbox 1293 2220 1399 2261; x_wconf 85' lang='lat' dir='ltr'>illud</span> <span class='ocrx_word' id='word_1_227' title='bbox 1431 2218 1667 2275; x_wconf 77' lang='grc' dir='ltr'><em>δυσφόρων</em></span> 
     </span>
     <span class='ocr_line' id='line_1_32' title="bbox 301 2287 1666 2350; baseline -0.007 -14"><span class='ocrx_word' id='word_1_228' title='bbox 301 2296 355 2336; x_wconf 83' lang='lat' dir='ltr'>ad</span> <span class='ocrx_word' id='word_1_229' title='bbox 386 2292 689 2350; x_wconf 80' lang='lat' dir='ltr'>explicandum</span> <span class='ocrx_word' id='word_1_230' title='bbox 719 2292 899 2334; x_wconf 86' lang='lat' dir='ltr'>verbum</span> <span class='ocrx_word' id='word_1_231' title='bbox 931 2289 1189 2346; x_wconf 79' lang='grc' dir='ltr'><em>δυσφρόνων</em></span> <span class='ocrx_word' id='word_1_232' title='bbox 1218 2290 1271 2331; x_wconf 84' lang='lat' dir='ltr'>ab</span> <span class='ocrx_word' id='word_1_233' title='bbox 1303 2290 1546 2344; x_wconf 86' lang='lat' dir='ltr'>interprete,</span> <span class='ocrx_word' id='word_1_234' title='bbox 1595 2287 1666 2342; x_wconf 87' lang='lat' dir='ltr'>qui</span> 
     </span>
     <span class='ocr_line' id='line_1_33' title="bbox 299 2355 1665 2418; baseline -0.007 -14"><span class='ocrx_word' id='word_1_235' title='bbox 299 2360 651 2418; x_wconf 72' lang='grc' dir='ltr'><em>παραβάλλεσθαι</em></span> <span class='ocrx_word' id='word_1_236' title='bbox 677 2360 866 2402; x_wconf 82' lang='lat' dir='ltr'>hocloco</span> <span class='ocrx_word' id='word_1_237' title='bbox 896 2358 1135 2414; x_wconf 83' lang='lat' dir='ltr'>significare</span> <span class='ocrx_word' id='word_1_238' title='bbox 1156 2357 1293 2400; x_wconf 85' lang='lat' dir='ltr'>voluit</span> <span class='ocrx_word' id='word_1_239' title='bbox 1323 2356 1489 2411; x_wconf 83' lang='lat' dir='ltr'>„rixari,</span> <span class='ocrx_word' id='word_1_240' title='bbox 1522 2355 1665 2397; x_wconf 85' lang='lat' dir='ltr'>decer-</span> 
     </span>
     <span class='ocr_line' id='line_1_34' title="bbox 301 2418 1668 2483; baseline -0.005 -11"><span class='ocrx_word' id='word_1_241' title='bbox 301 2432 434 2474; x_wconf 83' lang='lat' dir='ltr'>tare“.</span> <span class='ocrx_word' id='word_1_242' title='bbox 466 2430 532 2472; x_wconf 82' lang='lat' dir='ltr'>Of.</span> <span class='ocrx_word' id='word_1_243' title='bbox 564 2428 696 2473; x_wconf 86' lang='lat' dir='ltr'>schol.</span> <span class='ocrx_word' id='word_1_244' title='bbox 726 2426 833 2470; x_wconf 77' lang='lat'>289:</span> <span class='ocrx_word' id='word_1_245' title='bbox 871 2426 1266 2483; x_wconf 76' lang='grc' dir='ltr'><em>παραβαλλόμεναιε</em></span> <span class='ocrx_word' id='word_1_246' title='bbox 1305 2456 1316 2467; x_wconf 89' lang='grc'><strong>.</strong></span> <span class='ocrx_word' id='word_1_247' title='bbox 1348 2459 1357 2469; x_wconf 84' lang='grc'><strong>.</strong></span> <span class='ocrx_word' id='word_1_248' title='bbox 1390 2459 1399 2468; x_wconf 86' lang='grc'><strong>.</strong></span> <span class='ocrx_word' id='word_1_249' title='bbox 1433 2459 1443 2469; x_wconf 89' lang='grc'><strong>.</strong></span> <span class='ocrx_word' id='word_1_250' title='bbox 1476 2418 1568 2466; x_wconf 79' lang='grc' dir='ltr'><em>ἀντὶ</em></span> <span class='ocrx_word' id='word_1_251' title='bbox 1591 2423 1668 2466; x_wconf 88' lang='grc' dir='ltr'><em>τοῦ</em></span> 
     </span>
     <span class='ocr_line' id='line_1_35' title="bbox 300 2491 1665 2554; baseline -0.007 -13"><span class='ocrx_word' id='word_1_252' title='bbox 300 2497 578 2553; x_wconf 68' lang='grc' dir='ltr'><em>ἕρεθίζουσαι.</em></span> <span class='ocrx_word' id='word_1_253' title='bbox 640 2497 912 2554; x_wconf 78' lang='lat' dir='ltr'>Quamquam</span> <span class='ocrx_word' id='word_1_254' title='bbox 951 2498 1051 2538; x_wconf 80' lang='lat' dir='ltr'>certi</span> <span class='ocrx_word' id='word_1_255' title='bbox 1097 2496 1328 2552; x_wconf 85' lang='lat' dir='ltr'>quiequam</span> <span class='ocrx_word' id='word_1_256' title='bbox 1372 2494 1426 2534; x_wconf 88' lang='lat' dir='ltr'>de</span> <span class='ocrx_word' id='word_1_257' title='bbox 1459 2493 1539 2534; x_wconf 87' lang='lat' dir='ltr'>hoc</span> <span class='ocrx_word' id='word_1_258' title='bbox 1570 2491 1665 2533; x_wconf 88' lang='lat' dir='ltr'>loco</span> 
     </span>
    </p>
   </div>
  </div>
 </body>
</html>
