1716 3017
698 125 749 169 11

42 251 122 294 bus
152 266 260 308 quae
285 256 453 294 exstant
472 267 554 294 non
591 252 765 305 capiunt
792 251 1156 307 reprehensiones,
1189 250 1271 292 hae
1306 254 1403 290 sunt

42 319 322 376 recipiendae.

0 433 3 444 ἶ
162 387 361 444 Denique
408 388 556 444 paucis
604 388 808 447 disseram
860 387 912 428 de
964 388 1089 428 variis
1136 384 1401 437 lectionibus,

0 450 3 471 '²
41 470 147 511 quas
193 461 360 497 veteres
407 457 657 511 interpretes
704 455 910 511 praebent
959 457 1003 496 in
1049 453 1266 509 Euripidis
1311 467 1400 493 ver-

39 522 103 564 bis
130 522 368 566 afferendis.
427 522 569 579 Atque
605 523 685 565 hac
723 522 895 579 quidem
929 524 973 564 in
1006 537 1050 563 re
1081 537 1226 564 eorum
1260 526 1401 562 aucto-

38 590 205 632 ritatem
226 590 341 632 haud
362 591 418 631 ita
434 605 635 645 magnam
658 605 762 644 esse,
783 605 869 632 non
891 590 1081 646 negabis,
1103 592 1136 632 si
1159 589 1400 632 accuratius

37 659 154 714 ipsas
195 657 292 699 illas
337 658 477 700 varias
522 657 724 701 lectiones
769 658 1120 701 consideraveris.
1180 658 1245 699 Ita
1289 656 1401 698 enim

36 740 182 767 omnes
212 725 301 767 fere
333 733 604 782 comparatae
637 733 756 777 sunt,
803 732 848 768 ut
879 729 1020 769 statim
1052 732 1271 782 appareat,
1317 738 1402 764 me-

39 795 211 836 moriter
240 800 392 850 poetae
420 794 553 836 verba
573 793 701 836 allata
730 809 822 836 esse
844 794 889 850 ¹).
949 794 1072 847 Quae
1107 809 1203 836 cum
1223 794 1279 834 ita
1302 793 1402 834 sint»

37 867 369 904 consentaneum
416 869 492 915 est,
546 862 800 918 plerumque
845 862 1077 918 particulas
1124 865 1402 904 commutatas

37 944 131 972 esse
160 935 233 971 aut
261 944 436 985 prorsus
466 931 659 983 omissas,
694 936 760 972 ut:

149 997 187 1038 A
205 997 267 1041 10.
297 1012 337 1038 v.
369 995 472 1040 431:
532 993 580 1039 οὗ
610 996 689 1053 γάρ
720 1014 761 1040 τι
789 998 956 1053 πρῶτος
977 993 1072 1040 οὐδὲ
1092 998 1282 1043 λοίσθιος
1307 1000 1402 1051 βρο-

35 1069 118 1110 τῶν
161 1065 354 1119 γυναικὸς
396 1064 554 1121 ἐσθλῆς
601 1063 831 1121 ἤμπλακες.
893 1066 1036 1109 Schol.
1076 1064 1251 1122 Hippol.
1294 1061 1402 1106 834:

37 1131 84 1177 οὐ
120 1133 196 1190 γάρ
239 1150 308 1177 τοι
353 1133 524 1189 πρῶτος
552 1134 638 1177 κτλ.
699 1134 842 1176 Schol.
877 1134 1052 1190 Hippol.
1086 1130 1191 1176 892:
1240 1129 1288 1175 οὗ
1321 1127 1400 1186 γὰρ

36 1202 204 1259 πρῶτος
232 1202 319 1246 κτλ.

150 1269 274 1314 Hec.
304 1267 410 1313 422:
469 1266 501 1311 ὦ
539 1274 691 1324 στέρνα
727 1273 886 1323 μαστοί
916 1266 976 1322 θ’,
1032 1268 1078 1310 οἵ
1105 1265 1148 1322 μ’
1183 1264 1403 1324 ἐθρέψαθ’

36 1337 183 1392 ἡδέως.
243 1338 388 1381 Schol.
411 1338 515 1384 Hec.
550 1336 651 1380 144:
681 1332 713 1378 ὦ
745 1342 896 1393 στέρνα
928 1340 1086 1390 μαστοί
1110 1333 1154 1390 μ’
1184 1334 1404 1393 ἐθρέψαθ’

37 1404 183 1463 ἡδέως.

151 1475 324 1517 Orest.
355 1473 460 1519 304:
519 1478 585 1519 καὶ
614 1473 675 1533 μὴ
706 1474 755 1518 τὸ
787 1477 971 1530 ταρβοῦν
1008 1473 1252 1530 κάκφοβοῦν
1284 1469 1322 1516 6²
1356 1473 1402 1516 ἐκ

35 1545 217 1597 δεμνίων
256 1541 358 1597 ἄγαν
397 1539 625 1597 ἀποδέχου.
684 1545 736 1586 111
781 1543 913 1589 schol,
944 1542 1106 1585 Phoen.
1153 1540 1235 1585 361
1283 1543 1404 1584 omis-

38 1626 130 1652 sum
164 1617 227 1653 est
256 1609 371 1665 ἄγαν.

151 1679 386 1721 Troadd.
416 1676 520 1722 369:
578 1678 759 1723 τοσόνδε
799 1677 834 1732 γ’
879 1678 959 1730 ἔξω
992 1680 1206 1737 στήσομαι
1233 1681 1402 1733 βακχευ-

35 1747 192 1802 μάτων.
253 1747 393 1790 Schol.
427 1749 563 1791 Orest.
590 1744 696 1790 268:
729 1745 911 1790 τοσόνδε
943 1743 1099 1794 δ’ἕκτὸς
1127 1747 1214 1788 κτλ.

149 1815 219 1857 Ad
263 1815 376 1857 idem
420 1815 549 1867 redit,
597 1816 712 1872 quod
760 1816 990 1858 verborum
1038 1815 1403 1870 compositionem,

38 1883 176 1940 qualis
206 1889 268 1926 est
299 1883 413 1940 apud
442 1890 626 1940 poetam,
659 1884 897 1939 neglectam
928 1883 1133 1926 videmus

152 1950 218 1995 Cf.
249 1950 421 1994 schol.
451 1952 584 1994 Med.
620 1949 716 2006 216,
762 1951 836 1994 11101
866 1951 1039 1994 affertur
1071 1951 1246 2006 Hippol.
1279 1966 1318 1994 v,
1348 1947 1404 1993 92

37 2021 96 2061 ita
117 2020 304 2076 quidem,
336 2025 382 2061 ut
409 2036 485 2077 pro
505 2021 712 2062 infinitivo
733 2026 889 2074 μισεῖν,
921 2021 993 2075 qui
1018 2019 1175 2075 pendet
1206 2034 1229 2060 e
1260 2018 1402 2060 verbis

39 2090 301 2144 καθέστηκεν
329 2085 470 2141 νόμος,
502 2090 688 2144 positum
721 2089 774 2129 sit
805 2088 981 2130 verbum
1011 2088 1177 2129 finitum
1206 2092 1332 2141 μισεῖ.

151 2155 330 2198 Schol.
361 2155 535 2201 Orest.
572 2153 694 2210 1082,
728 2157 799 2198 ubi
834 2156 1007 2198 affertur
1037 2171 1135 2211 pars
1168 2171 1207 2199 V.
1239 2155 1399 2199 Phoen.

39 2221 143 2277 143,
183 2238 260 2279 pro
290 2223 431 2266 dativo
465 2222 610 2280 ὁμιλία
650 2223 810 2276 χθονὸς
849 2224 1005 2279 legitur
1037 2220 1182 2277 ὁμιλία
1211 2222 1401 2279 (ὁμιλίαι,

38 2289 218 2345 ὁμιλίας)
250 2290 421 2343 χθονός.

132 2453 163 2493 1)
189 2451 238 2484 cf.
265 2452 305 2485 G.
335 2452 454 2485 Wolff.
492 2454 542 2486 De
567 2453 671 2496 Soph.
703 2453 824 2486 scholl.
851 2454 952 2486 Laut.
990 2464 1023 2495 p.
1049 2455 1116 2485 240
1141 2464 1215 2495 sqq.
1255 2452 1399 2495 Sauppii

38 2508 146 2551 Epist.
172 2507 248 2542 crit.
272 2519 306 2551 p.
333 2510 375 2541 51
407 2519 484 2551 sqq.
