1716 3017
927 124 980 170 18

256 248 413 290 nubem
444 248 760 291 lamentationis
806 264 860 291 ex
905 251 968 291 ira
999 255 1135 291 ortam
1164 264 1266 291 mox
1297 251 1458 307 majore
1486 251 1622 293 animi

257 316 408 359 ardore
439 318 665 359 excitatam
696 316 878 358 sublime
906 317 1040 360 latum
1071 317 1138 362 iri,

369 385 475 426 Mihi
506 384 678 441 quidem
720 384 825 426 haec
866 386 1087 441 aptissima
1117 384 1331 426 videntur.
1390 386 1500 427 Nam
1530 391 1622 427 tan-

257 459 348 495 tum
392 452 523 505 abest,
571 458 616 494 ut
658 466 832 494 necesse
878 453 950 506 sit,
994 453 1201 495 nutricem
1245 453 1381 494 multo
1423 454 1623 508 graviora

257 519 409 562 nubila
439 521 697 562 concitatum
727 521 776 561 iri
808 520 1059 562 concludere
1100 536 1155 562 ex
1186 521 1277 576 ipso
1308 520 1622 562 lamentationis

256 589 389 639 initio,
416 594 463 629 ut
494 587 667 643 colligat
699 602 753 628 ex
785 588 965 631 Medeae
994 594 1146 630 natura
1175 589 1469 644 moribusque,
1517 602 1624 644 quos

257 671 353 698 cum
385 671 430 697 se
449 655 639 710 cognitos
669 655 825 697 habere
848 657 940 713 jam
970 662 1097 698 antea
1124 656 1301 697 dixisset
1332 660 1389 708 (v.
1412 652 1467 698 37
1497 659 1622 711 sqq.),

256 724 429 765 minime
461 737 567 778 opus
606 729 716 776 erat,
763 723 845 765 hoc
888 724 982 766 loco
1026 738 1194 766 causam
1225 724 1393 765 timoris
1424 723 1622 766 indicare.

254 792 344 833 Nec
374 806 463 832 non
507 791 552 831 in
585 791 647 832 eis
679 806 786 847 quae
825 791 1094 843 antecedunt,
1126 795 1515 833 'commemoratum
1547 797 1622 840 est,

255 875 344 901 non
387 858 477 901 solo
509 873 701 900 maerore
740 859 943 902 afflictam
976 874 1069 901 esse
1100 859 1309 912 Medeam,
1361 858 1436 900 sed
1469 859 1534 900 ira
1562 859 1624 899 in-

256 927 534 969 flammatam.
591 926 656 971 Cf.
688 942 727 972 v,
758 925 861 971 IOO:
904 927 1042 985 μήτηρ
1072 933 1184 971 κινεῖ
1210 928 1398 982 κραδίαν,
1440 930 1551 968 κινεῖ
1576 924 1624 967 δὲ

254 995 401 1047 χόλον.

367 1064 436 1105 De
465 1078 506 1107 v.
541 1060 621 1106 139
652 1063 751 1105 vide
778 1078 887 1119 quae
919 1078 1047 1120 supra
1077 1063 1352 1119 exposuimus
1381 1077 1423 1118 p.
1456 1060 1524 1107 14.

369 1132 422 1176 V.
454 1129 534 1176 159
565 1146 628 1188 sq.

510 1198 617 1248 Ζεύς
645 1211 713 1242 σοι
741 1198 844 1242 τάδε
875 1198 1129 1256 συνδικήσει.
1160 1197 1218 1256 μὴ
1249 1199 1343 1241 λίαν

511 1267 645 1310 τάκου
672 1269 887 1324 δυρομένα
921 1264 1001 1310 σὸν
1031 1264 1214 1309 εὐνέταν,

370 1335 514 1381 Schol.
546 1333 651 1381 156:
698 1333 775 1379 σὺν
821 1337 916 1393 δίκῃ
957 1334 1005 1378 δὲ
1034 1330 1126 1377 ἀντὶ
1155 1337 1231 1377 τοῦ
1280 1333 1357 1379 σὺν
1389 1337 1448 1392 τῷ
1478 1337 1623 1392 δικαίῳ

258 1402 595 1454 ἐπεξελεύσεται.

369 1471 535 1524 Quibus
567 1471 715 1513 scholii
744 1472 886 1514 verbis
915 1472 1167 1528 Hartungus
1199 1478 1434 1515 commotus
1463 1478 1537 1524 est,
1577 1478 1624 1513 ut

256 1540 531 1582 scribendum
572 1554 664 1582 esse
705 1546 877 1595 putaret
921 1539 1032 1587 Ζεὺς
1071 1541 1149 1583 σύν
1178 1544 1289 1597 Δίκᾳ
1333 1554 1400 1582 σοι
1447 1539 1624 1584 ἔπεισιν.

255 1609 388 1665 Cujus
437 1609 708 1665 conjecturae
750 1609 977 1650 auctoritas
1022 1608 1305 1651 labefactatur
1345 1609 1531 1664 primum
1561 1622 1625 1657 eo,

255 1676 383 1733 quod,
430 1676 465 1717 si
511 1690 606 1717 eam
650 1677 951 1732 receperimus,
996 1677 1122 1718 etiam
1152 1676 1443 1732 antistrophae
1474 1690 1624 1718 versus

253 1742 350 1797 184,
380 1745 425 1785 in
457 1758 539 1800 quo
566 1743 674 1784 nihil
705 1751 768 1787 est
792 1745 907 1800 quod
936 1745 1238 1800 reprehendas,
1268 1745 1348 1786 erit
1379 1744 1622 1786 mutandus.

253 1812 366 1854 Tum
412 1813 505 1868 ipsa
552 1811 702 1854 scholii
752 1812 858 1853 fides
903 1813 1072 1854 tenuior
1121 1819 1195 1866 est,
1246 1827 1374 1869 quam
1408 1827 1494 1869 qua
1526 1812 1623 1854 freti

253 1886 406 1936 poetae
433 1879 570 1922 verba
600 1886 824 1924 mutemus.
886 1880 990 1922 Orta
1030 1887 1094 1923 est
1123 1882 1233 1923 enim
1270 1881 1374 1921 mihi
1406 1881 1546 1921 statim
1573 1895 1624 1922 ea

254 1949 451 2004 suspicio,
486 1954 533 1988 ut
550 1947 692 1989 verbis
714 1942 807 1989 ἀντὶ
826 1948 901 1990 τοῦ
928 1946 1004 1990 σὺν
1036 1950 1093 2004 τῷ
1122 1950 1268 2005 δικαίῳ
1299 1946 1624 1998 ἐπεξελεύσεται

253 2017 395 2072 ipsum
420 2015 528 2057 illud
560 2014 802 2071 συνδικὴσει
833 2015 1041 2071 explicari
1067 2030 1307 2070 censerem,
1336 2030 1475 2072 neque
1496 2016 1623 2058 aliter

254 2084 422 2126 videtur
461 2083 682 2139 judicasse
727 2083 979 2139 Elmslejus,
1026 2085 1100 2140 qui
1147 2084 1298 2126 scholii
1338 2084 1470 2126 verba
1511 2083 1622 2125 male

255 2153 414 2207 scripta
443 2166 584 2207 neque
611 2157 724 2193 recte
746 2151 961 2207 explicata
989 2166 1081 2194 esse
1107 2152 1219 2195 dicit.
1284 2151 1404 2204 Quae
1435 2152 1621 2207 suspicio

255 2221 290 2261 si
318 2234 421 2261 vera
447 2225 518 2271 est,
549 2233 626 2274 pro
656 2215 732 2261 σὺν
762 2221 856 2276 δίκῃ
886 2219 1159 2263 scribendum
1189 2221 1265 2262 erit
1285 2219 1536 2275 συνδικήσει.
1573 2245 1621 2250 -

253 2288 351 2330 Jam
383 2302 476 2329 cum
503 2293 679 2341 constet,
711 2287 871 2329 scholia
901 2288 1033 2330 multo
1055 2288 1320 2344 gravioribus
1352 2289 1504 2330 affecta
1529 2301 1623 2329 esse

254 2357 370 2398 vitiis
402 2369 530 2412 quam
572 2356 666 2411 ipsa
706 2362 858 2411 poetae
904 2357 1050 2411 verba,
1095 2371 1261 2399 summo
1285 2357 1383 2413 jure
1416 2358 1477 2399 eis
1506 2357 1620 2412 quic-

256 2439 386 2482 quam
419 2438 512 2466 esse
543 2422 815 2465 tribuendum
848 2426 1075 2481 negaveris
1106 2426 1168 2467 eis
1198 2425 1319 2478 loeis,
1352 2424 1505 2481 quibus
1533 2430 1621 2466 tam

255 2492 372 2535 facili
400 2492 634 2534 mutatione
677 2491 789 2533 facta
824 2492 879 2533 ad
925 2493 1056 2535 verba
1102 2494 1146 2534 in
1192 2492 1408 2536 codicibus
1453 2497 1621 2535 servata
