1716 3017
251 228 563 285 disputavimus
597 233 777 284 apparet
805 244 893 271 non
921 231 1120 285 indignas
1158 231 1330 288 quidem
1362 248 1467 288 esse,
1512 235 1628 292 quac

252 296 491 338 accuratius
527 297 893 351 pervestigentur‚
937 313 1080 355 neque
1109 314 1210 341 vero
1244 298 1378 341 multa
1415 301 1626 357 praebere

251 365 352 406 artis
378 364 546 405 criticae
579 364 783 418 subsidia,
815 380 923 419 cum,
956 380 1067 422 quae
1103 381 1242 408 novae
1281 368 1623 424 suppeditantur,

250 432 503 488 plerumque
534 432 617 473 sint
637 431 793 485 futiles,
829 448 939 489 quae
968 433 1196 476 traduntur
1225 434 1339 477 bona
1367 466 1377 488 ,
1409 450 1504 478 raro
1536 451 1624 478 non

252 506 445 542 servatae
475 500 559 541 sint
585 500 631 541 in
665 500 898 544 codicibus,
1103 480 1271 566 „3759
1326 500 1499 546 «ΔΜ,

986 567 1089 597 00
1232 582 1267 593 a.

1043 595 1101 646 «ᾖ
1154 567 1201 649 3?
1253 599 1284 636 Γ.)
1332 581 1382 653 ἐς)
1402 599 1452 641 f7‘

832 991 1033 1048 Vita.

365 1132 575 1187 Georgius
615 1133 890 1176 Hermannus
937 1135 1153 1176 Franssen
1202 1140 1325 1177 natus
1373 1150 1466 1177 sum
1506 1151 1542 1180 a.
1581 1136 1625 1179 d.

253 1201 354 1245 XII.
386 1201 486 1242 Kal.
514 1200 611 1245 Jan.
645 1202 745 1243 anni
786 1201 826 1246 h.
861 1217 894 1245 s.
922 1203 1114 1245 XLVIII
1151 1203 1195 1243 in
1234 1203 1330 1244 vico
1363 1202 1624 1256 Suurhusen,

249 1268 365 1311 haud
394 1270 522 1324 longe
551 1268 605 1310 ab
629 1268 800 1311 Embda
828 1270 935 1311 urbe
967 1271 1059 1323 sito,
1109 1276 1230 1326 patre
1261 1270 1462 1325 Sjammo,
1497 1286 1626 1327 quem

251 1337 391 1380 adhuc
422 1339 571 1378 vivum
603 1351 797 1389 veneror,
828 1345 961 1379 matre
979 1337 1248 1381 Gerhardina
1280 1353 1303 1379 e
1326 1344 1453 1392 gente
1473 1339 1624 1380 Brum-

250 1420 355 1459 mer,
390 1420 518 1462 quam
550 1410 651 1446 ante
683 1404 760 1446 hos
792 1405 898 1447 duos
927 1405 1015 1447 fere
1037 1421 1171 1448 annos
1200 1412 1337 1448 morte
1367 1406 1470 1447 mihi
1503 1421 1623 1463 erep-

250 1479 338 1517 tam
370 1488 462 1515 esse
493 1472 621 1515 valde
653 1472 792 1516 doleo.
823 1498 877 1504 —

365 1541 516 1582 Fidem
536 1540 737 1596 profiteor
764 1540 1068 1595 evangelicam.
1109 1541 1460 1592 Quattuordecim
1490 1555 1624 1582 annos

249 1616 375 1651 natus
395 1608 482 1650 adii
494 1608 778 1664 Gymnasium
791 1608 1048 1662 Embdense,
1071 1608 1188 1665 quod
1204 1608 1326 1651 floret
1339 1608 1623 1651 Schwecken-

254 1677 427 1719 dieckio
459 1681 636 1720 rectore.
696 1675 939 1718 Auctumno
970 1678 1072 1718 anni
1105 1677 1146 1718 h.
1178 1692 1210 1718 s.
1245 1677 1439 1719 LXVIII
1473 1676 1624 1718 studiis

250 1760 427 1801 operam
458 1744 633 1785 daturus
660 1743 933 1799 philologicis
965 1759 1033 1785 me
1066 1744 1227 1786 contuli
1259 1743 1519 1798 Gottingam,
1549 1744 1624 1786 ubi

243 1804 327 1869 per
360 1817 559 1868 quattuor
588 1826 725 1852 annos
767 1811 941 1853 interfui
973 1812 1129 1854 scholis
1161 1813 1351 1854 virorum
1383 1812 1452 1858 cll.
1486 1812 1537 1856 E.
1570 1813 1624 1855 de

248 1879 496 1932 Leutschio,
541 1878 693 1928 Lotzii,
743 1878 795 1921 Gr.
827 1879 1035 1933 Muelleri‚
1073 1881 1263 1937 Sauppii‚
1294 1881 1622 1935 Wachsmuthii‚

249 1947 434 2000 waitzii,
469 1946 705 2000 Wieseleri‚
742 1961 824 1988 nec
856 1948 962 1988 mihi
990 1963 1079 1990 non
1110 1948 1232 1990 licuit
1261 1964 1339 2005 per
1369 1957 1454 1991 tres
1488 1964 1622 1991 annos

248 2015 455 2071 interesse
508 2015 884 2056 exercitationibus
939 2016 1157 2057 seminarii
1205 2018 1311 2071 regii
1356 2017 1621 2073 philologici,

249 2084 369 2139 cujus
401 2098 479 2139 per
510 2087 574 2123 ter
596 2097 672 2124 sex
702 2097 872 2125 menses
900 2083 962 2125 fui
994 2083 1150 2125 sodalis
1177 2084 1433 2127 ordinarius.
1492 2085 1621 2127 Prae-

248 2156 366 2193 terea
396 2150 448 2193 G.
484 2149 679 2191 Muelleri
709 2150 1011 2193 benevolentia
1037 2151 1194 2194 factum
1227 2159 1301 2206 est,
1342 2158 1387 2194 ut
1418 2154 1461 2194 in
1492 2153 1621 2195 socie-

249 2224 382 2260 tatem
405 2218 653 2261 theotiscam
685 2220 908 2276 reciperer.
943 2244 998 2250 ——
1024 2220 1116 2262 Hos
1147 2235 1294 2262 omnes
1323 2222 1435 2263 viros
1462 2222 1622 2278 optime

250 2285 304 2328 de
334 2300 403 2328 mc
434 2286 608 2340 meritos
639 2302 732 2330 esse
759 2294 879 2344 grato
911 2289 1054 2330 animo
1086 2303 1253 2345 semper
1282 2289 1524 2346 profitebor,

222 2348 259 2365 »-
310 2343 351 2356 ”·“<
426 2341 461 2368 ἶζ
552 2346 585 2377 ,L
640 2348 649 2365 ε
710 2364 715 2371 ,

475 2416 506 2438 s)

406 2726 456 2778 ft)
620 2724 666 2781 ἢ)

642 2830 672 2859 s
723 2825 757 2871 ἲ.
