1716 3017
12 339 26 401 {¹

0 431 19 509 t

711 152 767 196 59

197 279 337 331 Quam
368 279 594 322 lectionem
624 280 891 321 manifestum
932 285 993 319 est
1023 279 1307 332 excogitatam
1340 293 1448 331 esse,

85 353 131 390 ut
163 347 396 390 faciliorem
443 347 619 390 haberet
664 346 996 402 explicationem
1041 347 1307 388 accusativus
1347 349 1450 388 θαυ-

82 416 261 473 μαστὴν.
319 415 391 457 Ex
419 416 500 457 hoc
534 415 693 457 scholio
727 419 917 470 apparet,
945 413 1061 456 unde
1089 420 1227 455 ortum
1258 415 1309 456 sit
1341 413 1451 454 illud

20 499 144 552 Νη).
175 482 290 538 ἄγειν
319 483 363 536 (l.
393 481 571 536 ἄγειςῬ),
620 482 735 539 quod
766 483 810 524 in
841 498 880 526 v,
913 479 997 525 556
1028 483 1073 523 in
1106 481 1196 524 cod.
1226 481 1266 523 A
1295 482 1451 537 ascrip-

84 558 174 594 tum
203 557 266 594 est
295 550 350 593 ad
381 548 538 604 ἄγουσ’,
579 550 694 608 quod
732 550 885 605 legitur
914 551 958 591 in
990 549 1186 591 omnibus
1217 549 1452 592 codicibus.

17 627 22 663 .’
83 619 244 661 Retulit
286 619 399 660 enim
446 618 645 664 librarius
689 617 914 660 lectionem
955 618 1010 659 ad
1045 621 1180 673 σέβεις
1226 618 1453 674 ascriptam

9 718 17 751 ἶ
83 687 191 730 falso
219 686 275 728 ad
306 686 484 729 verbum
513 685 670 741 ἄγουσι,
704 685 820 742 quod
851 686 1048 741 proxime
1083 687 1282 742 sequitur.
1326 686 1452 738 Quod

86 769 183 796 cum
226 755 283 796 ita
321 755 386 808 sit,
433 759 550 810 patet
592 755 636 796 in
673 768 859 796 errorem
889 753 1092 796 incidisse
1123 753 1453 800 Kirchhoffimn,

85 823 159 880 qui
187 820 300 876 ἄγειν
327 824 557 878 genuinam
590 836 683 864 esse
715 822 964 877 scripturam
995 828 1111 864 ratus
1142 819 1281 875 ἄγουσ’
1312 827 1454 863 autem

85 906 111 933 a
131 896 367 934 correctore
388 890 641 946 profectum,
662 904 796 931 unum
814 904 986 931 versum
1007 890 1273 933 intercidisse
1296 891 1452 933 statuit.

189 958 251 1003 ·V.
285 955 392 1001 593:
425 956 502 1000 τὸν
535 954 610 1000 σὸν
629 957 810 1000 λιποῦσα
829 957 986 1012 φίλιον.
1023 958 1167 1003 801101.
1191 955 1273 1001 603
1291 957 1384 999 cod.
1410 972 1454 998 a:

84 1042 144 1082 γρ.
175 1024 225 1069 τὸ
259 1024 352 1076 σόν,
398 1025 515 1082 quod
547 1017 714 1081 *legitur
743 1025 787 1066 in
819 1024 910 1066 cod.
947 1026 995 1068 O.
1055 1025 1195 1077 Quam
1228 1025 1455 1068 lectionem

0 1089 28 1131 ’ἱγ
85 1109 109 1135 e
139 1095 381 1150 conjectura
411 1093 644 1149 profectam
678 1107 783 1146 esse,
814 1093 1066 1149 intelligitur
1095 1109 1117 1135 e
1147 1093 1276 1138 schol.
1309 1093 1369 1134 A:
1401 1090 1450 1135 τὸ

85 1166 131 1204 Χ
162 1159 231 1204 ὅτι
259 1159 338 1204 τὸν
376 1161 516 1216 φίλιον
547 1156 680 1206 εἶπεν.
741 1160 1025 1203 Offenderunt
1069 1162 1198 1217 igitur
1225 1163 1268 1203 in
1298 1176 1455 1216 genere

85 1229 336 1284 masculino,
369 1229 484 1286 quod
502 1243 597 1270 cum
616 1235 730 1271 recte
751 1229 991 1285 explicetur
1012 1231 1057 1271 in
1079 1230 1208 1274 schol.
1221 1230 1281 1271 A:
1314 1231 1454 1273 λείπει

84 1295 134 1346 τὸ,
164 1300 264 1348 Δία,
296 1297 403 1340 falso
434 1296 665 1339 illustratur
693 1299 736 1339 in
771 1297 902 1339 schol.
935 1297 1028 1343 cod,
1060 1298 1111 1351 B,
1144 1298 1219 1340 ubi
1252 1298 1454 1354 supplen-

79 1366 187 1417 dum
221 1380 315 1408 esse
346 1363 461 1408 οἶκον
489 1365 710 1407 indicatur.
743 1391 795 1396 —-

198 1433 251 1478 V.
283 1430 378 1477 655.
415 1434 638 1490 στήσεις
668 1432 982 1489 τυράννους,
1016 1433 1160 1477 801101.
1193 1431 1287 1478 665.
1321 1449 1358 1475 a.
1390 1450 1454 1489 γρ,

86 1500 252 1557 θήσεις,
299 1501 414 1558 quod
459 1508 598 1544 ortum
629 1507 692 1543 est
730 1508 803 1543 aut
836 1517 858 1543 e
889 1503 1133 1559 conjectura
1166 1502 1300 1543 otiosa
1327 1508 1402 1543 aut
1433 1517 1456 1543 e

86 1583 214 1612 versu
231 1569 417 1626 quodam
435 1569 623 1626 exempli
643 1583 772 1612 causa
787 1571 994 1626 apposito.
1053 1569 1118 1614 Cf.
1142 1569 1252 1611 infra
1274 1585 1314 1626 p.
1332 1567 1398 1613 63.

259 1700 291 1748 ὦ
327 1707 449 1760 Φοῖβ’
481 1703 673 1761 ἀκέσιος),
706 1704 913 1762 πημάτων
945 1708 1062 1763 δοίης
1091 1707 1223 1752 λύσιν,

201 1773 319 1816 ABG
346 1770 538 1829 ἇκέστορ,
570 1776 698 1816 ceteri
728 1769 927 1828 ἇκέστωρ.

203 1841 347 1886 801101.
392 1838 488 1884 900.
532 1842 625 1885 cod.
670 1842 721 1886 A.
766 1857 825 1897 γρ.
878 1843 946 1884 καὶ
988 1839 1197 1897 ἀκέστων,
1241 1840 1335 1886 ἀντὶ
1381 1846 1459 1887 τοῦ

88 1906 397 1966 ἂθεραπεύτων
417 1904 677 1964 ἀνθρώποις,
698 1910 986 1961 θεραπευτῶν
1004 1911 1052 1952 δὲ
1071 1910 1216 1964 μόνοις
1236 1916 1356 1958 θεοῖς
1372 1913 1455 1955 κτὲ.

203 1976 343 2028 Quam
373 1977 601 2020 lectionem
625 1978 698 2034 qui
720 1978 981 2032 excogitavit
1006 1979 1105 2029 (nisi
1126 1979 1234 2021 forte
1256 1995 1278 2021 e
1302 1981 1456 2022 mendo

90 2047 323 2102 scripturae
367 2046 546 2087 verbum
584 2051 718 2088 ortum
763 2045 864 2102 est),
914 2046 1037 2088 finxit
1072 2047 1253 2090 verbum
1283 2046 1458 2096 ἄκεστος

93 2112 393 2168 ‚7insanabilis“
427 2115 547 2171 cujus
579 2113 748 2155 nullum
769 2128 952 2169 usquam
981 2115 1193 2157 invenitur
1217 2118 1457 2172 vestigium.

90 2181 220 2238 Apud
252 2180 518 2238 Hesychium
547 2182 662 2238 quod
692 2181 851 2236 legitur
879 2178 1042 2225 ἀκέταιε
1075 2181 1252 2236 ἑπίατοι,
1284 2180 1457 2228 ἀκατάλ-

90 2249 235 2292 λακτοι
278 2255 392 2291 recte
434 2264 552 2291 nunc
590 2255 798 2292 mutatum
845 2255 908 2292 est
957 2251 1001 2291 in
1049 2246 1230 2294 ἀκεσταί
1238 2268 1246 2293 :
1293 2252 1460 2308 εὐίατοι,

90 2313 424 2363 εὐκατάλλακτοι.
460 2343 509 2348 --

203 2385 255 2428 V.
287 2383 392 2429 936:
427 2390 658 2440 γυναικείας
688 2388 861 2435 νόσους.
920 2387 1063 2431 801101.
1094 2386 1189 2432 956.
1224 2404 1261 2430 a.
1296 2387 1458 2437 νόσους.

91 2469 155 2510 γρ.
185 2452 344 2510 φύσεις,
374 2454 489 2511 quod
510 2455 757 2499 Koernerus
789 2462 902 2499 recte
933 2456 1100 2511 refellit,
1134 2471 1230 2498 cum
1263 2473 1377 2510 „non
1406 2457 1459 2500 de

91 2521 350 2566 feminarum
398 2529 554 2567 natura
604 2525 647 2567 in
695 2527 944 2569 universum
995 2541 1131 2568 sermo
1186 2526 1251 2581 sit,
1301 2526 1376 2569 sed
1407 2526 1462 2569 de
