1716 3017
1158 313 1354 374 [22stae

963 320 1046 420 1-1
1079 319 1128 416 Β
1160 374 1206 413 Ξῖ
1230 373 1282 412 ῘἿ
1310 375 1356 410 ἐξ

1091 456 1362 528 733657
1406 508 1412 512 .

894 593 1165 646 numerem
1203 589 1259 637 of
1293 583 1510 634 tommo

217 873 392 915 Scholia
421 872 656 928 Euripidea
686 874 729 913 in
766 878 855 914 arte
888 872 1029 913 critica
1078 872 1319 914 exercenda
1350 873 1466 914 haud

101 943 226 999 parvi
257 956 349 982 esse
380 942 584 982 momenti
617 941 697 982 etsi
730 940 923 981 homines
959 939 1071 981 docti
1096 941 1188 995 jam
1222 939 1292 981 diu
1325 942 1465 995 cogni-

101 1016 189 1051 tum
238 1016 366 1064 atque
411 1014 679 1064 perspectum
726 1007 979 1059 habuerunt,
1026 1013 1182 1060 tamen,
1231 1023 1314 1063 qua
1346 1015 1466 1049 erant

102 1092 237 1134 usque
255 1076 309 1117 ad
330 1076 662 1118 recentissimam
690 1076 776 1116 fere
801 1076 1046 1116 memoriam
1069 1075 1325 1128 conditione,
1354 1091 1465 1117 sum-

103 1146 181 1186 mis
211 1159 355 1186 eorum
387 1158 488 1185 usus
529 1143 759 1199 impeditus
801 1149 891 1183 erat
923 1142 1264 1184 difficultatibus.
1325 1143 1465 1185 Editio

99 1213 211 1254 enim
241 1212 491 1260 Arseniana,
523 1212 677 1252 emissa
707 1210 894 1251 Venetiis
927 1226 963 1252 a.
999 1208 1122 1263 1534,
1155 1210 1410 1266 quibusnam
1444 1226 1466 1252 e

100 1279 314 1322 codicibus
361 1285 469 1321 esset
512 1280 641 1335 petita
673 1293 824 1334 parum
866 1277 1089 1319 constabat
1104 1277 1148 1333 1).
1210 1278 1466 1320 Matthiaeus

99 1354 263 1400 autem,
299 1348 370 1402 qui
406 1361 561 1388 novam
602 1347 781 1388 instituit
813 1344 1070 1387 scholiorum
1106 1345 1335 1387 editionem
1364 1346 1465 1402 Lip-

100 1417 186 1456 siae
216 1430 253 1456 a.
287 1411 397 1457 1817
427 1420 466 1455 et
500 1411 621 1466 1818,
669 1413 810 1455 multis
850 1412 1024 1469 quidem
1055 1412 1129 1454 sed
1163 1414 1465 1456 recentissimis

98 1482 215 1524 libris
257 1496 386 1523 manu
428 1482 594 1537 scriptis
640 1497 741 1523 usus
782 1487 870 1522 erat
888 1481 934 1536 2).
995 1481 1097 1522 Sola
1126 1486 1286 1537 optima
1318 1481 1391 1523 illa
1423 1483 1465 1523 in

100 1549 290 1592 Troades
324 1556 365 1591 et
394 1550 582 1591 Rhesum
611 1549 796 1603 scholia,
844 1564 953 1605 quae
984 1564 1005 1589 e
1038 1550 1181 1590 codiee
1215 1549 1351 1590 Vatie.
1382 1546 1465 1591 909

100 1618 259 1673 primus
285 1618 573 1674 Hieronymus
594 1616 789 1660 Amatius
820 1633 855 1658 a.
880 1613 987 1659 1821
1021 1615 1184 1672 publici
1215 1617 1320 1671 juris
1358 1617 1466 1658 fece—

97 1692 163 1727 rat
194 1686 238 1726 in
268 1685 483 1741 Euripidis
523 1685 707 1727 editione
740 1684 1056 1739 Glasgoviensi‚
1099 1691 1190 1725 tum
1222 1698 1271 1725 ea
1300 1699 1410 1740 quae
1442 1699 1464 1726 e

100 1751 247 1794 scholl.
279 1752 398 1794 codd.
429 1752 561 1794 Marc.
593 1750 674 1794 471
722 1751 817 1793 Vat,
848 1749 943 1795 909.
971 1752 1103 1808 Neap.
1135 1751 1264 1793 Borb.
1295 1749 1377 1795 165
1408 1753 1464 1793 ΙΙ.

99 1817 184 1863 RS)
215 1819 349 1862 electa
372 1819 559 1861 Cobetus
591 1820 704 1861 foras
728 1819 904 1862 dederat
931 1820 973 1861 in
996 1819 1233 1875 appendice
1254 1819 1307 1860 ad
1327 1820 1464 1862 Geelii

99 1887 424 1929 Phoenissarum
459 1887 687 1929 editionem
719 1901 756 1928 a.
780 1884 904 1940 1846,
935 1887 1038 1929 talia
1068 1894 1200 1940 erant,
1233 1902 1341 1943 quae
1363 1889 1463 1929 satis

99 1962 211 1996 certa
257 1956 422 1996 ratione
470 1956 512 1996 in
558 1961 708 2010 poetae
765 1955 906 1996 verbis
962 1954 1238 1998 emendandis
1291 1962 1465 2010 possent

98 2024 305 2078 usurpari.
365 2022 557 2064 Tandem
589 2023 752 2078 copiae,
785 2037 895 2078 quae
925 2023 1051 2064 nimis
1073 2023 1145 2064 diu
1172 2022 1385 2065 latuerant
1418 2025 1463 2064 in

98 2090 221 2132 bonis
269 2089 354 2132 illis
405 2090 620 2132 codicibus
666 2094 852 2145 (praeter
882 2093 1010 2134 Marc.
1058 2097 1097 2131 et
1140 2090 1237 2135 Vat.
1277 2092 1464 2133 maxime

98 2158 231 2199 Paris.
261 2154 404 2211 2713),
452 2159 494 2199 in
538 2158 674 2200 lucem
705 2157 897 2213 prolatae
929 2164 1027 2200 sunt
1059 2157 1245 2200 editione
1277 2158 1462 2200 Dindor-

97 2225 220 2276 tiana,
252 2224 448 2267 Oxoniae
468 2225 580 2268 faeta
608 2241 646 2267 a.
670 2222 792 2270 1863.
854 2225 975 2277 Quae
998 2241 1256 2282 quamquam
1287 2241 1461 2282 exspec-

99 2294 262 2346 tationi,
301 2292 475 2335 scholiis
506 2293 559 2335 ab
591 2293 759 2336 Amatio
803 2300 842 2335 et
874 2293 1032 2336 Cobeto
1066 2293 1190 2347 editis
1217 2300 1462 2347 commotae,

193 2444 223 2483 1)
249 2442 299 2474 Cf.
326 2440 429 2475 Dind.
457 2441 586 2474 Scholl.
613 2452 665 2482 gr.
693 2442 728 2473 in
755 2441 875 2484 Eurip.
901 2441 1014 2473 Praef.
1041 2451 1074 2482 p.
1100 2441 1196 2475 XXI·

189 2499 223 2541 2)
251 2496 353 2532 Dind.
378 2497 401 2530 l.
426 2507 456 2530 a.
482 2508 514 2540 p.
540 2498 651 2533 XXV.
