1716 3017
738 126 765 168 9
795 112 797 114 ,

74 253 189 311 quod
230 257 399 295 nostrae
428 251 593 299 {aetatis
625 251 869 293 hominibus
902 248 970 291 vel
1004 248 1287 303 sagacissimis
1320 247 1434 290 haud

71 335 166 364 raro
189 319 394 362 accidisse
415 325 580 360 constat
600 319 643 374 ¹).
692 319 782 360 Nec
804 319 992 374 profecto
1014 317 1133 368 ratio,
1165 330 1249 372 qua
1271 315 1435 358 scholia

72 389 308 445 composita
337 392 446 440 sunt,
486 386 572 428 tale
610 387 837 442 ‚ingenium
870 384 1043 428 redolet.
1102 382 1229 425 Valet
1257 383 1435 426 fortasse

71 454 328 499 Kirchhoffii
348 454 557 496 sententia
588 453 641 496 de
678 452 902 506 lemmatis,
934 452 987 495 de
1017 450 1434 507 interpretationibus

73 538 193 567 secus
216 521 498 580 judicandum
531 528 605 566 est.

185 589 354 632 Deinde
397 589 523 631 liceat
567 590 713 645 paucis
760 588 974 631 illustrare
1007 602 1070 641 ea,
1117 601 1226 644 quae
1260 587 1435 642 exponit

71 657 354 701 Schenkelius
374 656 529 699 Philol.
550 653 617 701 20.
652 673 692 714 p.
715 654 811 700 306.
862 657 1028 699 Etenim
1049 657 1261 711 vituperat
1284 653 1434 696 Kirch-

71 726 272 776 hosfium,
321 725 435 781 quod
481 726 605 767 nimis
650 731 889 767 constanter
934 724 1186 780 optimorum
1238 721 1433 764 codicum

71 795 361 837 auctoritatem
393 802 605 850 sequatur,
640 793 831 849 negligat
861 792 1104 840 deteriores,
1136 790 1301 832 etiamsi
1324 804 1434 845 quae

72 864 115 903 in
147 863 207 904 eis
238 861 455 917 legantur,
502 861 685 903 melioris
726 862 807 902 sint
854 867 992 902 notae.
1052 858 1214 900 Eadem
1249 857 1435 914 disputat

70 929 301 983 Nauckius,
331 928 450 970 Stud.
475 928 658 985 Eurip.2)
684 929 738 970 II.
765 944 806 984 p.
824 925 919 982 1⁸27,
948 929 1020 984 qui
1043 926 1239 969 codicum
1261 926 1434 967 alterius

39 1045 48 1051 κ
72 997 219 1039 classis
249 997 454 1052 imprimis
486 998 529 1037 in
559 996 803 1038 Troadibus
838 1011 1040 1052 magnam
1086 1010 1177 1036 esse
1211 993 1432 1035 auctorita-

70 1071 155 1106 tem
186 1063 394 1120 exemplis
424 1063 566 1107 allatis
598 1064 858 1107 demonstrat
890 1065 959 1117 (cf.
993 1064 1049 1106 II.
1081 1080 1122 1119 p.
1154 1060 1251 1114 63).

156 1131 279 1184 Quae
310 1132 401 1174 sine
432 1131 561 1174 dubio
593 1147 694 1174 vera
728 1139 837 1176 sunt.
898 1133 953 1176 At
974 1149 1068 1176 cum
1091 1137 1266 1182 constet,
1301 1130 1434 1170 libros

72 1202 146 1257 qui
187 1206 286 1242 sunt
314 1200 441 1242 ABG
479 1200 692 1243 derivatos
739 1216 831 1243 esse
863 1216 884 1242 e
916 1192 1063 1238 codice
1110 1200 1232 1241 tertio
1267 1198 1432 1240 decimo

73 1269 215 1310 seculo
246 1269 495 1324 antiquiore,
545 1268 619 1310 sed
654 1268 727 1310 illo
760 1285 784 1311 a
814 1269 1055 1325 Byzantino
1083 1267 1268 1323 quodam
1295 1281 1433 1322 gram-

70 1337 226 1378 matico
257 1335 400 1378 multis
432 1335 536 1378 locis
582 1337 852 1393 interpolato,
899 1335 1145 1391 ambiguum
1177 1342 1251 1389 est,
1283 1336 1318 1376 si
1351 1348 1435 1390 qua

68 1419 214 1446 eorum
236 1403 360 1446 lectio
389 1404 516 1445 habet
548 1419 631 1460 quo
653 1405 982 1456 commendetur,
1004 1411 1146 1446 utrum
1168 1404 1435 1459 conjecturae

69 1471 290 1525 debeatur,
323 1486 379 1513 an
408 1473 501 1528 ipsa
532 1480 703 1529 recepta
734 1473 954 1529 Euripidis
985 1472 1114 1514 verba
1146 1472 1431 1513 restituantur.

68 1540 337 1595 Quamquam
381 1540 455 1581 vix
504 1540 706 1582 credibile
738 1548 812 1591 est,
860 1557 883 1582 a
914 1542 1154 1597 Byzantino
1198 1540 1270 1581 illo
1300 1539 1434 1580 multa

67 1606 258 1663 profecta
307 1621 422 1660 esse,
484 1623 592 1664 quae
640 1624 717 1665 pro
764 1609 1007 1665 Euripideis
1061 1609 1225 1664 possint
1272 1607 1431 1649 haberi.

69 1675 288 1717 Summam
319 1682 460 1718 autem
489 1678 548 1718 eis
580 1677 797 1719 conciliari
827 1678 1121 1719 auctoritatem
1155 1682 1349 1733 apertum
1372 1682 1434 1717 est

69 1744 129 1784 eis
162 1742 279 1796 locis,
324 1744 479 1799 quibus
513 1744 674 1787 scholia
717 1747 760 1786 in
790 1747 959 1802 optimis
990 1745 1108 1786 libris
1136 1745 1320 1799 ascripta
1350 1758 1433 1784 res—

69 1811 231 1866 piciant
257 1826 320 1865 ea,
371 1827 480 1868 quae
509 1828 623 1855 nunc
653 1813 753 1856 solis
784 1815 825 1855 in
857 1814 978 1858 codd,
1014 1813 1137 1856 ABG
1169 1812 1238 1856 vel
1271 1814 1314 1854 in
1346 1828 1432 1854 uno

67 1892 121 1919 ex
152 1879 212 1920 eis
245 1879 455 1935 leguntur.

181 1946 313 2003 Cujus
341 1962 574 1991 consensus
603 1950 804 2006 exempla
834 1965 857 1992 e
878 1950 990 1995 Med.
1024 1957 1063 1992 et
1086 1950 1220 1994 Andr.
1253 1949 1431 1992 collecta

67 2014 242 2057 afferam
275 2015 404 2057 haec:

179 2082 309 2125 Med.
341 2081 444 2127 106:
507 2084 540 2127 C
571 2081 716 2135 ἀνάξει
728 2116 738 2139 ,
788 2085 917 2129 schol.
954 2101 1000 2128 a:
1039 2085 1113 2129 ἐὰν
1146 2087 1191 2129 δὲ
1220 2087 1431 2143 γράφηται

67 2147 224 2204 ἀνάξει,
257 2151 372 2207 quod
403 2151 503 2193 licet
550 2167 635 2194 non
682 2168 855 2209 prorsus
903 2162 1063 2197 rectum
1098 2157 1161 2207 sit,
1204 2162 1345 2197 tamen
1375 2154 1430 2196 ad

65 2233 214 2260 verum
242 2221 438 2275 proxime
469 2221 631 2262 accedit
663 2226 718 2273 (V.
751 2221 862 2263 infra
890 2238 928 2277 p.
965 2222 1060 2274 17.).

160 2324 192 2365 1)
218 2323 269 2356 Cf.
295 2322 509 2356 Schneidexv.
536 2324 630 2357 Gott.
649 2325 717 2366 gel.
737 2326 930 2357 Anz.1853.
961 2326 987 2357 1.
1014 2337 1044 2368 p.
1064 2328 1140 2358 724.
1167 2327 1301 2359 Nauck.
1334 2327 1429 2359 Neue

66 2379 188 2412 Jahrb.
213 2380 239 2412 f.
263 2380 354 2412 Phil.
380 2391 414 2413 u.
442 2380 526 2413 Pad.
554 2383 652 2414 1854.
679 2383 731 2414 69.
764 2394 795 2425 p.
821 2383 897 2415 622.
946 2383 987 2414 V.
1014 2383 1104 2415 infra
1134 2395 1166 2425 p.
1191 2385 1246 2416 40.

156 2438 192 2479 2)
217 2437 313 2478 Quae
337 2437 431 2470 edita
456 2441 537 2470 sunt
562 2438 596 2469 in
622 2437 807 2471 Memoires
846 2438 888 2471 de
912 2439 1123 2473 l'Academie
1149 2440 1191 2473 de
1217 2441 1266 2474 St..
1293 2440 1429 2473 Peters-

66 2493 191 2536 bourg,
217 2503 284 2528 ser.
310 2494 389 2527 VII.
413 2497 494 2528 tom.
520 2495 547 2528 Ι.
575 2505 609 2528 n.
635 2497 694 2536 123
717 2498 799 2529 tom.
824 2496 867 2528 V.
890 2505 923 2529 n.
950 2497 980 2528 6.
