1716 3017
730 103 787 149 35

81 232 146 273 bis
182 230 310 275 schol.
345 228 455 275 1085
500 226 597 286 ,,οι’νκ
632 228 892 284 ἆπόμουσον
936 227 986 270 τὸ
1020 225 1262 281 γυναικῶνίζ,
1302 225 1443 282 prohi-
1477 215 1480 219 ¹

80 299 230 341 bemur
260 299 346 353 eis,
379 313 488 355 quae
517 313 647 355 supra
675 314 717 355 p.
749 295 802 341 11
835 313 896 354 sq.
937 297 1212 352 exposuimus
1246 293 1299 335 de
1326 294 1442 335 tenui

22 372 23 378 ’
82 367 339 410 scholiorum
372 366 456 408 fide
486 367 528 407 in
561 372 712 426 poetae
741 365 884 408 verbis
916 363 1155 406 afferendis.

193 434 246 476 V.
276 430 387 477 1098
415 448 532 490 sqq:
773 478 776 482 Δ

733 503 772 545 εἰ
800 505 850 546 δὲ
878 501 1061 558 κυρήσας

249 570 412 624 δαίμων
442 567 574 617 οὕτως
602 572 788 626 φροῦδος
816 569 857 619 ἐς
882 568 1027 626 Ἅιδην

248 635 435 685 θάνατος
464 643 693 694 προφέρων
722 637 895 692 σώματα
922 643 1089 681 τέκνων.

192 705 370 749 Kirchh.
399 711 442 747 et
471 705 648 748 Weilius
680 707 809 750 schol.
851 721 892 762 p.
925 703 993 748 69.
1024 722 1062 751 v,
1095 702 1208 749 2—-5
1239 710 1280 746 et
1309 703 1440 748 schol,

82 770 192 816 1110
221 779 411 828 spectare
442 779 593 829 putant
622 774 678 816 ad
709 773 842 816 verba
872 773 1055 829 κυρήσας
1087 805 1096 815 .
1130 808 1138 818 .
1174 807 1182 815 .
1214 766 1342 818 οὕτως
1374 796 1441 824 -,

80 856 177 883 mea
214 840 390 896 quidem
432 843 642 884 sententia
685 856 922 898 perperam.
982 841 1127 884 Verba
1174 841 1288 882 enim
1331 853 1438 895 quae

81 914 180 951 sunt
223 907 382 951 τούτων
429 906 561 956 οὕτως
605 908 790 962 ἐχόντων
834 925 920 951 non
967 909 1185 965 explicant
1222 906 1439 963 Euripidis

79 975 263 1033 κυρήσας
283 977 446 1030 δαίμων
476 975 621 1028 οὕτως,
651 977 727 1020 sed
747 977 1085 1033 complectuntur
1116 992 1165 1019 ea
1195 990 1303 1032 quae
1325 980 1440 1016 ante-

81 1044 238 1086 cedunt
263 1046 332 1087 καὶ
361 1042 414 1100 δὴ
445 1041 523 1100 γὰρ
556 1042 647 1092 ἅλις
679 1077 687 1086 .
719 1081 728 1090 .
762 1080 771 1089 .
805 1079 813 1086 .
845 1047 1025 1101 χρηστοί
1050 1045 1085 1087 τ’
1117 1042 1304 1097 ἐγένοντ’.
1342 1042 1441 1083 Par-

79 1113 273 1168 ticipium
320 1112 436 1168 quod
482 1118 545 1154 est
585 1112 758 1168 φθάσας
806 1113 983 1154 inseruit
1026 1113 1236 1168 interpres
1267 1115 1442 1166 propter

81 1180 214 1235 ipsius
232 1180 364 1221 verba
394 1181 498 1236 πρὶν
520 1178 704 1223 ὄνασθαι
723 1180 808 1223 τῶν
829 1178 1002 1233 ἀγαθῶν
1022 1183 1064 1232 ¹).
1123 1179 1278 1221 Verbis
1300 1183 1440 1218 autem

79 1246 119 1289 εἰ
147 1245 194 1289 δὲ
223 1246 278 1304 δὴ
304 1245 477 1295 τούτους
507 1247 717 1305 ἄρπάσειε
764 1250 1065 1305 interpretatur
1110 1247 1149 1290 εἰ
1188 1245 1236 1288 δὲ
1262 1242 1442 1301 κυρῆσαι

162 1350 171 1359 .
223 1313 392 1369 σώματα
438 1320 605 1361 τέκνων.
683 1317 820 1368 Quam
879 1315 1185 1372 interpretandi
1233 1315 1441 1355 rationem

79 1388 225 1439 aperte
244 1382 395 1425 falsam
414 1398 512 1425 eum
533 1390 723 1426 secutum
742 1398 844 1435 esse,
876 1383 1148 1425 confirmatur
1167 1382 1297 1426 schol.
1317 1376 1440 1429 1110,

79 1450 154 1493 ubi
181 1451 312 1492 verbo
335 1452 497 1505 δαίμων
527 1452 758 1506 significari
791 1458 970 1493 mortem
1004 1451 1121 1495 dicit:
1154 1452 1335 1503 δαίμονα
1363 1446 1440 1502 γὰρ

78 1514 153 1561 τὸν
181 1516 372 1562 θάνατον
404 1515 637 1573 ὠνόμασεν.
698 1519 787 1561 Nec
819 1534 904 1561 non
933 1520 975 1559 in
1004 1519 1086 1560 hac
1118 1519 1210 1575 ipsa
1240 1518 1442 1571 interpre-

78 1587 240 1629 tatione
270 1587 407 1643 posita
436 1593 500 1629 est
529 1601 672 1642 causa,
705 1602 788 1644 qua
816 1586 1024 1628 adductus
1056 1593 1137 1640 est,
1174 1591 1220 1627 ut
1248 1599 1273 1626 a
1300 1583 1441 1626 verbis

79 1655 172 1701 πῶς
201 1648 276 1696 οὖν
305 1654 394 1696 λύει
423 1654 505 1697 κτὲ.
537 1656 743 1711 apodosin
770 1655 959 1710 incipere
989 1654 1278 1697 arbitraretur.

193 1722 314 1775 Quae
360 1723 396 1764 si
435 1728 547 1764 recte
591 1723 923 1779 disputavimus,
969 1722 1241 1778 interpretem
1286 1720 1442 1775 legisse

80 1790 261 1846 κυρῆσαι
288 1790 389 1832 licet
419 1789 621 1845 colligere
655 1805 709 1832 ex
739 1804 804 1842 eo,
835 1789 949 1845 quod
970 1790 1062 1845 ipse
1092 1790 1225 1830 utitur
1255 1789 1440 1844 optativo

80 1853 301 1913 ἄρπάσειε,
349 1857 591 1914 (Optativus
624 1859 737 1901 enim
769 1857 922 1912 legitur
952 1858 994 1898 in
1024 1857 1115 1899 cod.
1149 1861 1195 1906 B,
1226 1871 1322 1898 cum
1351 1871 1376 1898 a
1402 1860 1442 1896 et

81 1925 113 1970 Ι.
149 1925 381 1968 exhibeant
411 1925 597 1967 futurum
628 1923 828 1981 ἁρπάσει,
877 1925 1149 1981 quamobrem
1194 1923 1442 1979 Elmslejus,

82 1995 155 2051 qui
186 1999 298 2036 recte
331 1993 479 2035 scholii
520 1995 771 2036 sententiam
802 1994 1032 2048 perspexit,
1080 1994 1278 2048 scriptum
1310 1991 1441 2032 fuisse

81 2067 227 2104 censet
252 2060 454 2118 κυρήσει.)
513 2062 662 2118 Neque
701 2062 793 2117 jam
832 2061 1062 2116 quicquam
1106 2061 1148 2103 in
1178 2057 1350 2102 scholiis
1380 2058 1441 2098 in-

80 2130 240 2182 venies,
271 2144 327 2171 ex
358 2143 441 2185 quo
473 2130 744 2185 interpretem
777 2128 932 2184 legisse
963 2126 1094 2175 οὕτως
1125 2128 1338 2184 conjicias.

195 2196 476 2239 Scribendum
506 2203 569 2239 est
597 2198 747 2253 igitur:

691 2264 729 2306 εἰ
757 2262 804 2305 δὲ
833 2262 1010 2319 κυρῆσαι

244 2333 415 2387 ,δαίμων
448 2323 579 2386 οὗτος,
609 2331 795 2387 φροῦδος
821 2331 907 2374 κτλ.

177 2482 210 2523 1)
235 2480 335 2522 Vide,
363 2490 452 2522 quae
478 2490 582 2523 supra
607 2478 834 2512 disseruimus
857 2489 889 2520 p.
918 2479 960 2510 14
984 2477 1025 2510 de
1051 2476 1158 2510 schol.
1183 2475 1289 2509 Andr.
1314 2477 1370 2509 24.
1401 2494 1442 2499 -

1200 2532 1243 2566 3*
