1716 3017
913 141 968 188 48

260 263 518 321 ἐπεστράφη,
549 279 646 307 cum
674 272 834 321 spectet
863 267 918 308 ad
947 266 1079 308 verba
1110 264 1183 309 ὅτε
1220 282 1299 318 νιν,
1339 273 1386 309 ut
1414 266 1624 309 intellexit

261 332 525 387 Lentingius.
584 333 654 374 Ad
684 349 793 390 quae
814 334 946 376 verba
967 334 1068 390 quia
1097 335 1381 390 supplendum
1404 349 1497 376 esse
1518 334 1623 376 dicit

262 401 469 456 interpres
513 398 703 457 ἤκουσεν,
749 408 864 458 patet
923 417 1019 443 eum
1059 417 1100 443 v.
1134 399 1257 447 1008.
1290 417 1378 444 non
1407 403 1623 444 invenisse

261 468 438 509 verbum
470 469 583 524 quod
605 469 757 510 dicitur
786 470 951 511 finitum
982 473 1034 521 (e.
1055 484 1118 524 gr.
1150 469 1335 522 ἔκτανεν,
1363 469 1477 526 quod
1497 468 1624 511 scribi

260 535 395 577 voluit
424 536 631 578 Heathius
664 551 741 592 pro
768 536 982 590 κτεάνων.)

514 702 523 712 .
555 706 564 715 ,
594 668 840 724 ἀντέκλαγξ.
870 670 915 713 ἐν
946 670 1065 728 εὐδίᾳ
1093 674 1142 715 δέ
1167 687 1257 719 πως

433 737 546 794 ἔστη.

376 805 512 847 Codd.
544 820 690 847 omnes
718 805 807 847 fere
838 801 1104 860 ἀπέκλαγξεν
1136 802 1266 849 εὐδία.
1299 808 1357 857 (Β
1382 803 1626 853 ἅντέκλαζεν

262 869 407 929 εὐδίᾳ).
477 873 633 915 Contra
677 873 807 917 schol.
859 873 982 919 1145:
1030 870 1168 919 εὐδίαι
1219 873 1265 916 ἐν
1310 874 1464 931 γαλῆνῃ
1508 872 1623 929 ἔστη.

262 941 383 991 Quae
442 942 734 997 interpretatio
792 941 1044 984 documento
1095 949 1179 991 est,
1241 943 1444 998 scriptum
1492 941 1625 982 fuisse

260 1005 508 1061 ἀντέκλαγξ.
538 1006 583 1050 ἐν
610 1008 728 1065 εὐδίᾳ
757 1010 807 1051 δέ
833 1025 935 1062 πως,
964 1011 1078 1066 quod
1110 1010 1382 1052 scribendum
1413 1023 1504 1051 esse
1528 1008 1626 1064 jam·

261 1077 519 1132 Lentingius
554 1078 747 1133 conjecit.

431 1209 516 1254 θεὰ
543 1213 703 1265 γεγῶσα
731 1213 800 1254 καὶ
830 1214 935 1255 θεοῦ
966 1212 1133 1268 πατρὸς
1158 1217 1287 1260 τέκος.

373 1279 512 1332 Quem
542 1294 714 1322 versum
743 1295 766 1322 e
803 1281 971 1323 scholiis
1003 1282 1286 1337 comperimus
1325 1281 1370 1321 in
1399 1279 1624 1336 plerisque

260 1347 378 1389 libris
409 1348 511 1390 olim
537 1362 622 1389 non
643 1349 846 1404 scriptum
867 1349 1010 1391 fuisse.
1072 1349 1222 1404 Neque
1243 1348 1387 1390 dubito
1410 1348 1511 1404 quin
1530 1347 1624 1402 jure

260 1431 336 1471 pro
367 1417 512 1472 spurio
544 1415 760 1469 habeatur,
807 1431 903 1458 cum
932 1416 1062 1472 plane
1096 1418 1149 1457 sit
1180 1430 1536 1472 supervacaneus,
1571 1439 1622 1444 —

375 1484 574 1526 Ceterum
604 1483 732 1526 valde
762 1483 894 1525 dubia
914 1484 1176 1534 Bartholdil)
1211 1485 1465 1540 conjectura,
1496 1483 1549 1525 ab
1572 1497 1621 1524 eo

262 1553 336 1609 qui
368 1566 520 1608 corpus
563 1551 831 1605 scholiorum,
884 1567 967 1608 quo
1008 1567 1086 1594 nos
1120 1553 1300 1602 utimur,
1347 1552 1622 1606 congesserit,

261 1626 452 1662 enotatos
487 1634 578 1661 esse
606 1634 755 1661 versus
789 1621 859 1675 qui
891 1618 963 1674 „511
991 1617 1115 1666 ἐνίοις
1145 1618 1194 1661 οὐ
1227 1621 1466 1675 φέρονται.“
1505 1618 1623 1660 Nihil

262 1689 375 1729 enim
408 1688 559 1737 obstat,
605 1689 833 1743 quominus
878 1702 972 1729 eum
1016 1687 1119 1729 talia
1164 1702 1219 1728 ex
1262 1692 1383 1743 parte
1419 1686 1570 1728 saltem
1600 1700 1623 1726 e

261 1756 394 1809 libris,
423 1770 528 1812 quos
561 1756 759 1808 excussit,
792 1756 1130 1811 transscripsisse
1158 1762 1370 1811 putemus.
1406 1780 1455 1785 —-

373 1823 496 1865 Haec
524 1823 613 1864 fere
650 1828 747 1865 sunt
777 1824 878 1864 artis
906 1823 1077 1864 criticae
1109 1822 1310 1875 subsidia,
1361 1836 1471 1878 quae
1500 1821 1624 1864 nobis

262 1891 534 1947 suppeditant
563 1897 754 1932 veterum
783 1891 1060 1946 interpretum
1083 1889 1331 1946 explicandi
1360 1891 1546 1932 rationes
1578 1891 1625 1930 in

262 1959 432 2001 scholiis
476 1960 520 2000 in
567 1958 764 2000 Medeam
811 1964 850 1999 et
880 1958 1226 2000 Andromacham
1271 1957 1463 1999 traditae.
1528 1957 1623 2010 Quo

264 2042 318 2068 ex
362 2026 478 2067 fonte
523 2041 631 2082 quae
670 2031 898 2067 manarunt
940 2026 1085 2067 variae
1127 2025 1327 2066 lectiones
1375 2027 1624 2067 auctoritate

262 2095 392 2150 longe
434 2099 649 2150 praestant
694 2094 779 2147 eis,
832 2108 942 2149 quae
987 2093 1196 2135 lemmatis
1242 2093 1512 2135 continentur
1552 2097 1626 2134 aut

260 2161 451 2218 praefixo
498 2162 618 2216 signo
651 2176 712 2215 γρ.
738 2167 885 2217 aperte
930 2161 1073 2203 variae
1102 2161 1302 2203 lectiones
1340 2160 1623 2212 declarantur,

261 2230 316 2271 ad
349 2245 453 2286 quas
483 2229 794 2285 percensend‘as
820 2229 912 2284 jam
940 2235 1218 2273 transeamus.

356 2380 386 2421 1)
411 2379 464 2411 De
489 2378 598 2411 schol.
623 2378 742 2420 Eurip.
771 2378 871 2410 fontt.
899 2388 932 2420 p.
958 2379 1013 2411 63.
1039 2396 1080 2401 —
