1716 3017
720 123 774 167 17

64 253 210 304 utpote
241 263 350 305 quae
384 263 528 289 omnes
560 249 658 289 satis
685 248 871 289 incertae
905 248 1007 300 sint,
1038 261 1133 288 eum
1165 246 1424 288 scholiorum

65 314 145 371 ope
166 315 295 357 talem
324 315 547 357 lectionem
576 316 850 370 reperiamus,
883 330 992 371 quae
1022 329 1117 355 mea
1139 313 1311 369 quidem
1333 329 1425 356 sen—

62 384 196 424 tentia
224 383 389 424 nullum
423 384 594 425 omnino
625 382 878 424 dubitationi
910 383 1049 424 locum
1078 381 1301 438 relinquat.

177 451 318 507 Atque
343 451 526 506 primum
550 449 721 506 quidem
753 451 1039 506 suspicionem
1076 455 1218 491 movet
1247 449 1423 491 verbum

65 517 180 574 quod
225 524 288 559 est
336 516 508 573 ἀνάψει.
585 517 887 573 Comparatum
942 523 1004 559 est
1056 518 1168 558 enim
1210 518 1426 558 enunciati

63 586 231 627 initium
262 587 334 640 ita,
361 591 407 626 ut
435 584 668 641 subjeetum
691 599 781 626 esse
812 586 1029 642 putaveris
1060 600 1146 626 non
1176 585 1330 627 Medea
1352 585 1423 627 sed

64 657 188 709 νέφος
232 652 301 705 (ef.
337 656 386 696 Gr.
416 653 564 694 Herm.
608 652 633 695 l.
665 653 735 708 a.).
797 653 922 704 Quod
966 654 999 694 si
1043 655 1100 694 ita
1145 658 1218 704 est,
1264 652 1426 709 ἀνάψει

64 721 330 762 intransitive
355 720 512 762 dietum
544 722 596 761 sit
626 735 800 762 neeesse
831 727 913 774 est,
958 721 999 762 id
1032 720 1146 777 quod
1178 721 1268 762 fieri
1300 735 1426 777 posse

65 789 224 844 optimo
257 790 354 844 Jure
400 788 592 843 negabis,
638 789 718 829 nisi
764 788 972 843 exemplis
1003 789 1144 830 allatis
1174 788 1270 830 talis
1303 789 1426 845 hujus

64 855 184 898 verbi
224 871 326 897 usus
360 856 656 911 comprobatus
688 857 772 898 erit.
834 856 918 898 Sed
948 858 1027 910 tae,
1077 856 1130 897 de
1159 855 1312 897 Medea
1343 856 1426 896 diei

63 923 172 964 illud
215 919 432 976 ἀνάπτειν,
475 923 696 965 miraberis
745 925 952 966 rationem
997 924 1165 965 dicendi
1211 939 1322 980 quae
1364 930 1428 965 est

64 995 186 1046 νέφος
212 990 389 1046 οἰμωγῆς
413 988 630 1045 ἀνάπτειν,
663 1007 841 1048 quaeum
864 993 936 1049 qui
965 991 1146 1033 conferri
1174 993 1320 1047 possit,
1356 993 1426 1033 vix

64 1058 198 1100 ullum
231 1059 370 1100 looum
401 1060 604 1100 invenies.

178 1126 319 1178 Quare
350 1141 436 1169 non
469 1126 777 1183 negligendum
809 1126 916 1168 illud
948 1124 1101 1177 ἀνάξει,
1131 1127 1246 1184 quod
1268 1127 1427 1182 legitur

66 1201 107 1237 et
138 1196 184 1236 in
216 1194 307 1238 cod.
342 1194 376 1237 C
404 1201 444 1236 et
476 1196 519 1236 in
549 1194 710 1236 scholio
732 1196 761 1248 ¹)
804 1190 896 1247 (ἐὰν
926 1196 975 1238 δὲ
1009 1193 1223 1251 γράφηται
1255 1191 1428 1249 ἀνάξει).

66 1264 333 1319 Quamquam
378 1277 433 1303 ex
475 1264 547 1315 eis,
591 1276 700 1318 quae
731 1277 860 1318 supra
892 1263 1214 1319 disputavimus,
1261 1279 1317 1305 ne
1349 1264 1430 1305 hoe

65 1331 241 1387 quidem
269 1330 442 1386 probari
471 1335 621 1386 potest,
667 1331 742 1371 sed
773 1337 942 1387 recepta
970 1330 1161 1386 Elmsleji
1193 1334 1428 1373 mutatione

65 1413 169 1440 sane
212 1397 412 1440 facillima
458 1397 726 1440 scribendum
772 1404 835 1439 est
879 1397 1044 1455 ἀνᾴξει,
1101 1399 1216 1455 quod
1259 1401 1429 1455 egregie

65 1465 297 1522 respondet
323 1465 452 1507 verbo
484 1462 768 1520 ἐξαιρόμενον.
831 1466 1044 1522 Conjieias
1074 1467 1215 1521 igitur,
1248 1481 1345 1508 oum
1372 1467 1428 1508 ad

66 1531 206 1591 ἀνάξει
239 1533 420 1575 addatur
466 1533 624 1587 μείζονι
665 1534 806 1589 θυμῷ,
853 1535 1121 1589 conjunctam
1167 1535 1299 1576 fuisse
1332 1550 1428 1576 oum

65 1601 196 1644 verbo
217 1599 487 1657 ἐξαιρόμενον
506 1601 687 1642 similem
708 1603 939 1644 notionem.
999 1602 1089 1644 Neo
1109 1602 1301 1658 profecto
1323 1603 1429 1644 haec

66 1667 177 1712 latet.
236 1669 344 1710 Nam
376 1684 430 1710 ex
463 1672 522 1710 eis
557 1684 666 1725 quae
706 1668 908 1724 leguntur
944 1671 988 1710 in
1027 1669 1189 1711 scholio
1221 1662 1313 1712 οἷον
1341 1669 1431 1713 ἐπί-

66 1734 175 1779 πολύ
207 1732 347 1786 ἀνάξει
378 1735 430 1779 τὰ
456 1737 528 1792 τῆς
555 1732 677 1792 ὀργῆς
705 1742 745 1778 et
770 1734 1030 1793 αὐξανομένη
1056 1736 1236 1779 ἐπίπολὺ
1270 1735 1295 1794 ἡ
1330 1735 1431 1794 ὀργὴ

67 1806 237 1852 πάντως
266 1803 408 1846 δεινόν
437 1820 477 1846 τι
510 1802 746 1859 ἐργάσεται,
793 1819 879 1855 non
927 1806 1017 1846 sine
1055 1806 1245 1847 veritatis
1291 1808 1432 1862 speeie

69 1863 266 1928 colligas,
296 1873 566 1928 interpretem
599 1873 754 1927 legisse
782 1868 905 1928 ὀργῆς
933 1886 1009 1928 pro
1040 1869 1181 1929 ἀρχῆς,
1215 1888 1325 1929 quae
1340 1875 1431 1930 jam

67 1939 382 1982 Schneidewini
393 1940 426 1993 2)
459 1939 536 1981 fuit
565 1941 720 1996 opinio,

183 2007 465 2050 Soribendum
496 2014 559 2049 est
585 2008 731 2063 igitur:

341 2075 469 2132 δῆλον
499 2072 667 2131 δ’ὄργῆς
697 2073 972 2130 ἐξαιρόμενον

340 2144 465 2199 νέφος
496 2142 674 2198 οἰμωγῆς
701 2140 755 2189 ὦς
781 2141 869 2194 τάχ’
902 2137 1047 2198 ἀνάξει

340 2210 499 2264 μείζονι
530 2210 669 2266 θυμῷ.
698 2235 753 2240 —-

185 2279 378 2331 Quorum
406 2277 632 2321 verborum
665 2278 873 2320 sententia
902 2283 965 2319 est
984 2276 1110 2318 haee:
1161 2276 1282 2318 Patet
1313 2278 1433 2333 quasi

165 2442 181 2471 1
208 2439 259 2473 Of.
288 2449 375 2482 quae
397 2449 503 2482 supra
531 2438 755 2480 exposuimus
780 2449 814 2481 p.
839 2439 859 2472 9
884 2448 933 2480 sq.

166 2497 199 2540 2)
221 2496 260 2529 L.
288 2506 318 2529 a.
347 2508 381 2540 p.
407 2496 483 2528 728.
