1716 3017
912 161 938 207 6

238 306 324 331 non
357 291 471 331 omni
503 304 556 330 ex
587 293 707 344 parte
738 289 957 344 respondit
977 290 1028 341 ยน),
1061 303 1156 329 cum
1186 303 1325 343 neque
1353 302 1462 343 quae
1493 303 1606 330 nova

239 357 486 399 continebat
532 362 592 397 tot
635 361 806 411 tamque
853 355 966 397 bona
998 362 1139 397 essent
1171 370 1297 411 quam
1328 361 1605 410 speraverant

239 426 430 466 homines
460 424 583 475 docti,
630 438 768 478 neque
798 423 1135 479 Byzantinorum
1183 423 1371 478 ineptiae
1419 428 1604 464 secretae

239 497 381 534 essent
410 507 436 533 a
465 492 596 547 copiis
637 491 854 532 doctrinae
886 504 987 531 vere
1020 489 1347 532 Alexandrinae
1365 492 1420 543 2),
1460 496 1604 531 tamen

238 575 324 600 non
370 565 509 615 potest
556 558 727 614 negari,
773 557 1044 600 Dindorfium
1094 557 1147 599 dc
1191 557 1398 614 Euripide
1446 558 1604 614 optime

238 627 452 676 meruisse,
501 631 646 682 utpote
677 628 751 681 qui
781 625 895 667 haud
927 640 1065 682 pauca
1097 625 1211 667 bona
1246 625 1410 667 scholia
1441 626 1484 667 in
1518 639 1601 666 me-

237 694 355 736 dium
385 694 621 750 protulerit,
653 693 785 735 multa
806 708 860 735 ex
881 693 1101 735 meliorum
1123 693 1317 735 codicum
1348 693 1600 734 auctoritate

238 761 552 813 emendaverit,
594 761 779 817 denique
811 761 1006 803 codicum
1040 762 1172 817 signis
1204 760 1362 803 additis
1389 761 1600 816 significa-

237 830 358 883 verit,
402 829 516 871 unde
566 844 760 885 quaeque
805 830 889 871 sint
931 829 1073 885 petita.
1136 832 1255 881 Quae
1287 843 1381 870 cum
1414 829 1472 870 ita
1504 829 1599 881 sint,

230 899 321 954 jam
352 897 484 939 multo
515 897 669 939 certius
699 903 828 953 atque
854 898 1116 939 constantius
1143 897 1328 953 antiquis
1357 896 1445 938 illis
1475 897 1598 937 inter-

237 964 545 1021 pretationibus
575 966 619 1006 in
651 979 697 1006 re
718 965 864 1007 critica
896 965 996 1006 licet
1026 965 1100 1006 uti.
1160 964 1448 1006 Nihilominus
1474 965 1601 1006 etiam

238 1047 352 1075 nunc
385 1031 623 1075 cavendum
655 1038 731 1086 est,
776 1047 831 1074 ne
860 1033 1040 1074 nimiam
1067 1034 1128 1075 eis
1159 1028 1392 1074 tribuamus
1421 1033 1600 1074 auctori-

236 1106 379 1154 tatem,
406 1101 481 1142 sed
513 1115 639 1156 quam
671 1101 913 1143 cautissime
937 1100 1165 1156 agendum,
1195 1116 1250 1142 ne
1279 1100 1348 1142 vel
1375 1105 1600 1156 corruptas

236 1168 305 1210 vel
336 1183 488 1224 parum
520 1174 740 1211 accuratas
770 1168 839 1210 vel
870 1183 1043 1224 prorsus
1071 1168 1200 1211 falsas
1232 1169 1602 1224 interpretationes

237 1238 369 1279 secuti
397 1242 550 1292 poetae
580 1235 711 1278 verba
736 1237 934 1278 vitiemus
960 1238 1102 1292 potius
1127 1251 1253 1293 quam
1285 1235 1572 1280 emendemus,

351 1304 521 1357 Qua-in
551 1319 597 1346 re
629 1318 726 1346 cum
756 1304 870 1347 haud
903 1319 997 1346 raro
1027 1304 1220 1347 homines
1261 1304 1405 1346 doctos
1440 1318 1603 1346 errasse

235 1373 437 1424 viderem,
483 1387 638 1429 operae
681 1386 750 1414 me
788 1373 970 1429 pretium
1003 1387 1095 1414 esse
1124 1372 1333 1414 facturum
1362 1373 1522 1427 putavi,
1567 1375 1602 1414 si

236 1441 431 1483 omnibus
457 1441 576 1491 locis,
606 1440 761 1496 quibus
793 1439 955 1482 scholia
988 1441 1032 1481 in
1063 1439 1282 1495 Euripidis
1307 1441 1449 1482 verbis
1481 1441 1599 1482 resti-

236 1508 404 1551 tuendis
452 1508 574 1550 nobis
625 1508 933 1550 emolumento
961 1514 1032 1549 aut
1076 1522 1225 1550 revera
1262 1515 1360 1550 sunt
1403 1515 1475 1550 aut
1511 1523 1603 1550 esse

237 1577 363 1618 facile
387 1577 599 1630 videntur,
631 1577 843 1631 congestis
865 1575 1136 1632 singulisque
1159 1578 1413 1619 examinatis
1435 1577 1603 1619 efficere

237 1659 437 1699 conarer,
485 1651 532 1687 ut
579 1645 733 1686 certius
778 1650 905 1700 atque
950 1645 1189 1686 accuratius
1221 1644 1274 1686 de
1308 1659 1454 1686 eorum
1483 1646 1527 1686 in
1558 1660 1603 1687 re

237 1714 385 1755 critica
432 1728 512 1755 usu
556 1718 700 1769 posset
743 1711 946 1768 judicari.
1014 1712 1176 1753 Omnes
1222 1719 1364 1754 autem
1410 1712 1603 1767 fabulas,

238 1796 417 1838 quarum
442 1781 605 1837 antiqui
626 1781 919 1823 commentarii
949 1786 1130 1822 aetatem
1158 1780 1356 1832 tulerunt,
1389 1795 1475 1822 una
1506 1795 1601 1822 cum

237 1849 300 1891 his
332 1849 434 1905 ipsis
465 1849 545 1890 hoc
589 1848 716 1891 modo
747 1849 1038 1904 pervestigare
1070 1849 1170 1904 quia
1210 1863 1323 1890 nunc
1353 1863 1439 1890 non
1469 1848 1602 1902 licuit,

236 1917 435 1959 Medeam
462 1923 504 1959 et
531 1915 879 1959 Andromacham
902 1916 1022 1972 elegi,
1053 1916 1105 1958 de
1136 1917 1286 1959 ceteris
1306 1923 1455 1973 postea
1488 1923 1601 1959 actu-

236 1999 320 2045 rus,
352 1985 426 2027 ubi
459 1985 594 2027 otium
627 1991 777 2026 nactus
808 1999 892 2028 ero.

349 2053 490 2108 Atque
520 2053 738 2095 instituam
767 2053 878 2094 hanc
908 2054 1200 2108 quaestionem
1230 2054 1312 2106 ita,
1342 2059 1388 2095 ut
1418 2054 1602 2108 primum

237 2135 492 2176 componam
542 2126 668 2176 atque
708 2126 949 2176 perscruter
994 2135 1044 2162 ea
1073 2121 1175 2162 artis
1205 2121 1372 2162 criticae
1402 2121 1602 2173 subsidia,

238 2202 348 2243 quae
382 2203 405 2229 e
438 2188 695 2230 scholiorum
730 2190 782 2230 in>
801 2188 1000 2232 Medeam
1033 2194 1074 2231 et
1107 2188 1450 2230 Andromacham
1479 2191 1602 2232 inter-

237 2256 546 2312 pretationibus
568 2257 703 2312 petita
734 2258 818 2298 sint
848 2257 919 2298 vel
941 2257 1028 2313 peti
1050 2257 1224 2312 possint,
1255 2256 1412 2299 deinde
1443 2260 1603 2299 exami-

236 2338 336 2365 nem
368 2338 431 2377 ea,
464 2339 573 2380 quae
603 2323 724 2366 nobis
756 2324 1032 2380 suppeditent
1058 2324 1260 2367 lemmata
1287 2325 1458 2368 scholiis
1486 2341 1603 2381 prae-

331 2485 364 2526 1)
389 2483 441 2517 Cf.
466 2482 629 2516 Schenkl.
655 2482 779 2516 Philol.
805 2485 875 2516 vol.
899 2486 953 2517 20.
976 2496 1008 2528 p.
1040 2487 1117 2518 500.

328 2543 362 2583 โถ2.)
387 2541 438 2574 Of.
464 2539 569 2573 Dind.
594 2540 708 2574 Praef.
734 2551 766 2582 p.
792 2541 958 2574 XXVIII.
983 2552 1034 2584 sq.
