1716 3017
752 142 808 188 57

96 286 191 314 rum
219 284 389 328 quoque
406 269 625 312 hominum
649 269 868 311 doctorum
890 270 1053 311 animos
1077 272 1226 311 mirum
1250 277 1454 327 quantum

97 339 289 382 exercuit
303 341 347 391 ¹).

207 404 424 463 Equidem
450 404 593 447 facere
621 419 708 446 non
728 419 915 462 possum,
949 405 1052 461 quin
1073 406 1333 447 consentiam
1361 420 1456 448 cum

96 473 302 530 Elmslejo
333 478 374 515 et
401 472 574 526 Weilio‚
615 473 686 529 qui
715 472 823 513 nihil
853 487 943 514 esse
975 472 1222 515 mutandum
1246 473 1454 529 judicant.

95 541 316 585 Sententia
347 540 452 582 haec
483 546 565 582 est:
608 540 750 582 verbis
784 540 958 596 quidem
988 555 1076 582 non
1107 541 1314 594 concedit,
1365 541 1457 582 vult

94 617 238 654 tamen
265 608 448 651 tolerare
478 607 778 659 (calamitatem
798 608 900 649 mihi
921 608 1112 659 illatam),
1172 608 1312 661 Quam
1342 623 1456 650 acer-

94 677 268 720 bissime
325 678 507 732 castigat
552 675 702 718 Medea
744 675 912 718 Jasonis
959 676 1272 718 simula-tionem
1324 676 1454 718 verbo

92 750 312 802 καρτερεῖν
343 745 403 786 ita
430 750 648 801 usurpato,
679 750 725 786 ut
758 745 1013 786 contrarium
1034 744 1150 786 dicat
1180 759 1307 800 quam
1342 745 1456 800 quod

93 812 276 868 intelligi
302 812 408 866 vult,
453 813 689 868 respiciens
732 827 793 866 ea,
846 827 955 868 quae
987 812 1078 868 ipse
1108 812 1276 854 dixerat
1303 828 1343 854 v.
1373 809 1457 855 452

94 895 185 938 sqq.
216 878 302 924 460
330 895 391 937 sq.

182 949 335 993 Med,
366 962 406 992 V.
437 945 540 991 793:

262 1016 349 1059 ἴτω
380 1019 424 1058 τί
448 1031 522 1069 μοι
552 1014 626 1072 ζῆν
652 1017 821 1070 κέρδος,·
852 1012 949 1058 οὔτε
978 1033 1051 1070 μοι
1081 1021 1233 1072 πατρίς

204 1081 480 1129 Sch01.798:
515 1099 577 1138 γρ.
610 1082 656 1125 δὲ
685 1084 753 1125 καὶ
784 1081 882 1126 οὔτε
912 1101 985 1138 μοι
1016 1082 1169 1140 πατήρ
1232 1084 1455 1140 Oiiginem

89 1153 257 1196 videtur
291 1152 508 1208 accepisse
538 1151 645 1193 haec
674 1151 799 1193 lectio
833 1167 857 1193 a
888 1153 1132 1209 conjectuia
1162 1153 1345 1194 hominis
1377 1154 1455 1194 cri-

94 1221 168 1262 tici
200 1219 427 1274 „facilitate
468 1220 713 1261 mutationis
755 1219 935 1263 allecti«
995 1220 1091 1261 Non
1122 1226 1236 1261 recte
1266 1220 1456 1274 Weilius,

96 1289 170 1345 qui
201 1287 438 1330 Hirzelium
470 1293 636 1329 secutus
663 1289 759 1344 jure
791 1289 834 1330 in
866 1288 931 1331 his
960 1288 1100 1330 verbis
1131 1288 1318 1342 offendit,
1361 1303 1455 1331 cum

95 1371 180 1413 qua
224 1371 270 1398 re
314 1362 527 1398 commota
570 1355 623 1397 de
655 1371 730 1398 sua
760 1364 894 1398 morte
934 1357 1089 1411 cogitet
1120 1356 1275 1398 Medea
1306 1371 1455 1413 parum

92 1425 395 1481 perspiciatur,
441 1423 521 1466 hoc
561 1422 701 1481 πατὴρ
748 1430 867 1480 putat
921 1439 1012 1466 esse
1058 1425 1284 1478 vestigium
1330 1440 1458 1467 verae

92 1493 349 1549 scripturae:
393 1491 479 1534 ἴτω·
514 1495 560 1534 τί
584 1508 649 1534 τοι
680 1492 750 1548 ζῆν
781 1494 939 1547 κέρδος,
981 1487 1088 1534 οἷσιν
1117 1488 1163 1533 οὐ
1193 1490 1349 1549 πατὴρ,
1383 1491 1458 1535 οὐκ

91 1556 209 1608 οἶκός
250 1558 378 1613 ἐστιν,
424 1555 497 1603 οὔκ
542 1556 799 1616 ἀποστροφὴ
838 1561 989 1604 κακῶν.
1049 1560 1158 1602 Nam
1200 1567 1246 1602 ut
1276 1567 1457 1616 praeter·

91 1630 257 1671 mittam
278 1628 467 1670 deminui
494 1628 618 1685 hujus
645 1628 915 1685 conjecturae
936 1629 1228 1670 auctoritatem
1250 1643 1311 1680 eo,
1343 1629 1457 1685 quod

90 1697 216 1738 nimis
264 1695 470 1738 recedunt
513 1696 647 1738 verba
679 1711 704 1738 a
738 1696 929 1737 codicum
960 1697 1164 1751 vestigiis,
1211 1703 1458 1738 nasceretur

90 1771 262 1820 recepto
283 1763 417 1806 verbo
446 1763 587 1820 πατὴρ
612 1765 833 1818 sententia,
863 1779 972 1820 quae
994 1765 1037 1804 in
1058 1763 1172 1805 hunc
1202 1764 1342 1806 locum
1369 1779 1455 1806 non

91 1831 296 1890 quadrat,
354 1831 555 1887 quoniam
601 1833 644 1873 in
691 1833 765 1885 eis,
819 1847 928 1888 quae
979 1833 1175 1889 proxime
1224 1838 1457 1889 sequuntur

89 1899 149 1956 (v.
181 1895 292 1952 812),
322 1898 475 1941 Medea
504 1901 597 1956 ipsa
627 1906 818 1954 testatur,
853 1907 1010 1957 quanto
1042 1915 1143 1955 erga
1172 1900 1282 1942 filios
1313 1914 1456 1942 amore

87 1967 222 2010 Jason
256 1967 431 2009 affectus
462 1969 526 2010 sit.
560 1995 614 1999 -—

201 2034 328 2081 Med,
359 2051 397 2080 v,
430 2033 561 2080 1035:
605 2040 780 2091 χαιρέτω
810 2036 1088 2091 βουλεύματα.
1150 2035 1290 2081 Schol.
1325 2033 1453 2079 1048:

87 2101 292 2160 γράφεται
321 2102 367 2146 δὲ
398 2105 466 2146 καὶ
497 2103 688 2158 παύομαι
719 2103 1033 2159 βουλευμάτων.
1082 2131 1132 2136 ψ
1178 2105 1298 2157 Quae
1329 2104 1452 2147 lectio

88 2177 229 2214 utrum
260 2171 451 2228 profecta
481 2173 536 2214 sit
564 2187 618 2215 ex
643 2172 786 2215 verbis
819 2173 1125 2229 interpretandi
1148 2188 1276 2215 causa
1296 2174 1454 2229 ascrip-

87 2240 139 2282 tis
169 2254 226 2282 an
259 2254 282 2281 e
314 2242 566 2296 conjectura,
595 2255 681 2282 non
715 2246 853 2297 potest
883 2240 1121 2297 dijudicari.
1184 2242 1453 2298 Quamquam

181 2356 212 2396 1)
236 2354 428 2387 Schoenius
453 2354 495 2387 ad
520 2355 553 2387 h.
579 2354 601 2387 l.
627 2355 780 2396 conjicit,
813 2355 1034 2389 scribendum
1061 2367 1135 2389 esse
1161 2352 1265 2404 τᾶργ’
1292 2354 1368 2394 ἐᾶν,
1397 2357 1452 2388 vel

86 2407 187 2462 κάρτ’
217 2409 292 2446 ἐᾶν.
340 2412 554 2451 Heimsoeth,
579 2412 755 2445 Kritisohe
772 2412 917 2445 Studien
942 2424 983 2446 zu
1005 2414 1069 2446 den
1089 2413 1223 2457 griech.
1241 2413 1452 2455 Tragikern,

87 2469 114 2502 1.
138 2481 172 2513 p.
197 2470 282 2501 225:
320 2464 454 2517 καρδία
491 2463 527 2502 δὲ
563 2474 734 2518 καρτερεῖ.
784 2470 940 2503 Bauerus
971 2470 995 2505 l.
1028 2482 1057 2503 a.
1095 2482 1127 2514 p.
1158 2472 1208 2505 18.
1245 2471 1308 2503 καὶ
1340 2469 1453 2513 μένειν

86 2537 128 2571 με
150 2522 337 2569 βούλεται.
363 2545 400 2551 -
432 2526 481 2561 Cf.
506 2536 608 2569 supra
637 2539 671 2571 p.
697 2527 750 2560 25.
