1716 3017
906 121 962 166 30

368 245 421 291 V.
452 242 536 288 833
566 260 684 314 sgq.:

425 314 527 359 Πῶς
555 316 631 354 οὖν
657 312 784 368 ἱερῶν
814 313 1018 366 ποταμῶν

422 376 452 437 ἢ
482 378 607 426 πόλις
636 376 662 436 ἢ
692 381 827 434 φίλων

425 447 659 501 πόμπιμός
693 460 740 489 σε
770 448 886 503 χώρα
913 449 999 492 κτλ.
1123 489 1124 492 ,

367 515 507 560 Schol.
538 511 641 557 846:
679 516 739 570 τῷ
767 520 966 572 προτέρῳ
1006 516 1053 558 δὲ
1088 518 1358 575 διαζευκτικῷ
1390 520 1615 574 συνδέσμῳ

253 584 311 639 τῷ
339 580 366 639 ἢ
395 579 446 624 τὸ
476 579 502 638 ἡ
529 580 696 637 ἄρθρον
735 580 895 630 ἔξωθεν
939 586 1242 638 προσδεκτέον,
1285 591 1506 629 τουτέστιν
1532 581 1560 642 ἢ
1590 584 1617 641 ἡ

255 649 394 700 πόλις,
423 646 450 706 ἢ
482 647 507 706 ἡ
539 649 664 705 χώρα.
695 676 751 681 —

370 718 490 770 Quae
518 718 649 760 verba
684 718 897 774 quomodo
929 720 1048 763 Hart.
1100 721 1158 762 ita
1204 721 1396 776 accipere
1426 720 1620 775 potuerit,

255 792 301 828 ut
342 788 614 841 interpretem
654 785 811 840 legisse
856 792 1025 841 putaret
1065 782 1092 843 ἢ
1123 787 1248 836 πόλις
1276 787 1303 844 ἦ
1330 788 1486 842 φίλων,
1534 801 1620 828 non

256 853 461 909 intelligo,
492 868 590 894 cum
623 853 800 907 scholio,
836 869 919 910 quo
950 854 1056 896 nihil
1085 862 1223 911 potest
1256 871 1348 898 esse
1379 854 1621 906 dilucidius,

256 922 435 962 indicari
455 927 610 978 pateat,
642 921 698 963 ad
724 923 1067 979 conjunctionem
1098 925 1355 980 cogitatione
1377 922 1621 965 addendum

258 1004 352 1031 esse
380 989 618 1031 articulum.
652 1015 706 1019 —

371 1057 531 1099 Auctor
563 1057 731 1110 scholii,
777 1057 892 1113 quod
938 1058 1135 1113 proxime
1166 1057 1381 1100 antecedit
1425 1059 1518 1106 πῶς
1547 1051 1622 1100 οὗν

256 1123 334 1181 τὴν
362 1125 677 1181 τεκνολέτειραν
706 1156 716 1166 .
750 1159 758 1168 .
787 1159 796 1169 .
831 1158 839 1166 .
883 1126 952 1167 καὶ
996 1122 1169 1178 ἀγαθῶν
1200 1125 1354 1180 legisse
1391 1126 1563 1168 videtur
1592 1123 1618 1182 ἡ

258 1190 384 1240 πόλις
410 1191 437 1248 ἧ
467 1193 623 1246 φίλων,
668 1208 926 1250 quamquam
965 1209 1020 1235 ne
1066 1194 1147 1235 hoc
1193 1193 1368 1250 quidem
1397 1208 1475 1250 pro
1508 1200 1621 1235 certo

260 1260 574 1302 affirmaverim.
606 1287 659 1292 --

372 1396 410 1437 E
440 1395 611 1438 scholiis
641 1402 840 1452 apparet,
885 1411 973 1438 non
1022 1397 1183 1438 recenti
1214 1396 1385 1438 demum
1433 1402 1624 1453 tempore

260 1464 392 1507 verba
421 1469 619 1519 corrupta
650 1478 754 1507 esse.
801 1463 942 1508 Schol.
963 1460 1071 1507 862:
1104 1464 1273 1520 σχήσεις
1295 1463 1459 1519 φόνον;
1487 1466 1625 1508 λείπει

261 1531 399 1588 ἡεῖς,
440 1528 488 1574 οὐ
530 1529 813 1588 καρτερήσεις,
873 1532 1001 1586 Legit
1043 1532 1173 1586 igitur
1220 1534 1428 1588 interpres
1473 1531 1624 1587 φόνον.

261 1600 421 1643 Contra
436 1606 582 1642 auctor
597 1598 749 1640 scholii
766 1598 861 1643 864.
894 1599 1026 1656 (quod.
1043 1606 1154 1642 recte
1172 1600 1416 1642 emendavit
1431 1601 1624 1654 Kirchh.)

261 1669 424 1710 invenit
438 1665 573 1723 φόνῳ,
604 1673 651 1708 ut
679 1674 857 1723 apparet
885 1683 939 1709 ex
972 1669 1319 1724 interpretatione
1348 1667 1397 1710 οὗ
1430 1668 1627 1725 καρτερή-

262 1748 351 1784 σεις
375 1737 426 1792 τῇ
454 1733 618 1790 ἐργάσει
643 1735 719 1777 τοῦ
740 1734 873 1790 φόνου
904 1736 1052 1788 τέγξαι.
1113 1735 1323 1777 Neutrum
1344 1735 1626 1792 probandum,

263 1807 334 1846 sed
367 1803 641 1845 scribendum
681 1804 834 1857 φόνου,
880 1803 997 1860 quod
1041 1805 1085 1845 in
1126 1809 1290 1846 textum
1320 1819 1446 1860 quem
1475 1810 1631 1846 vocant

260 1878 513 1928 receperunt
542 1871 752 1925 Klotzius,
785 1871 982 1925 Weilius,
1028 1871 1233 1915 Bauerus.
1292 1871 1403 1913 Nam
1433 1880 1480 1914 ut
1510 1873 1628 1914 omit-

262 1946 349 1981 tam
397 1939 688 1994 tautologiam,
738 1954 848 1995 quae
892 1941 1002 1981 inest
1049 1940 1093 1980 in
1138 1940 1281 1981 verbis
1323 1938 1444 1996 φόνῳ
1490 1943 1631 1993 τέγξαι

262 2012 364 2063 χέρα
414 2010 597 2061 φοινίαν,
648 2013 762 2050 recte
807 2007 987 2049 offendit
1031 2008 1224 2049 Bauerus
1265 2007 1293 2048 l.
1333 2023 1370 2051 a.
1411 2023 1453 2063 p.
1491 2005 1544 2049 21
1587 2009 1631 2048 in

264 2090 337 2129 eo,
372 2076 486 2131 quod
518 2077 562 2117 in
605 2076 821 2118 enunciati
864 2076 982 2118 initio
1021 2076 1207 2131 positum
1246 2076 1298 2116 sit
1345 2075 1453 2116 illud
1498 2073 1631 2131 φόνῳ,

265 2144 424 2200 quippe
471 2159 554 2200 quo
601 2144 734 2186 multo
777 2144 876 2200 plus
921 2143 1109 2186 habeant
1154 2142 1358 2198 ponderis
1403 2143 1536 2186 verba
1584 2138 1632 2184 οὗ

266 2210 456 2254 δυνάσει.

379 2276 562 2400 νέῗῗιῗς
591 2346 638 2388 δὲ
668 2342 746 2402 τὴν
775 2348 960 2389 νικῶσαν
986 2341 1091 2388 ἀλλὰ
1117 2346 1193 2388 νῦν
1221 2345 1375 2401 χρόνῳ.

379 2415 416 2457 Β
448 2410 552 2456 ἀλλὰ
593 2415 670 2457 νῦν
718 2413 858 2471 χρόνῳ
899 2416 981 2470 (γρ.
1010 2414 1084 2471 τῷ)
1126 2414 1163 2455 Ε
1208 2411 1313 2456 ἀλλὰ
1357 2412 1432 2455 νῦν
1476 2412 1632 2469 χρόνῳ.

269 2485 397 2526 ceteri
428 2478 532 2526 ἀλλὰ
562 2483 622 2540 τῷ
649 2482 797 2539 χρόνῳ.
