1716 3017
706 144 761 189 15

172 256 284 314 Tum
314 270 552 313 cavendum
584 276 647 312 est
689 285 744 311 ne
774 271 817 311 in
854 283 1039 311 errorem
1086 269 1298 311 inducaris
1330 282 1420 310 ver-

61 340 211 382 borum
234 339 512 382 collocatione
540 340 583 379 in
611 338 783 380 scholiis
813 343 985 380 mutata.
1047 336 1143 389 Qua
1171 338 1214 378 in
1240 351 1285 378 re
1307 336 1421 377 haud

60 410 117 451 ita
146 408 371 463 diligenter
410 413 598 449 versatos
646 421 738 465 csse
768 411 928 447 veteres
962 406 1213 461 interpretes
1243 411 1421 461 apparet

61 491 83 517 e
114 469 242 519 schol.
271 475 407 519 Andr.
440 471 539 526 203,
580 475 651 515 ubi
682 474 823 516 verbis
852 474 920 514 καὶ
951 471 1006 514 δι’
1035 470 1223 528 ἐμαυτὴν
1254 474 1323 515 καὶ
1351 468 1422 514 διὰ

59 540 136 586 τὸν
172 537 352 597 Ἕκτορα
396 557 446 584 ea
490 542 757 598 explicantur
804 556 911 597 quae
955 541 1055 583 dicit
1098 541 1420 582 Andromacha:

59 612 231 668 φιλοῦσι
261 610 336 665 γάρ
365 607 410 664 μ’
432 608 634 667 “Έλλἠνες
655 604 858 664 Ἕκτορός
890 608 926 650 τ’
947 607 1034 651 ἄπο
1065 606 1167 664 αὐτή
1198 607 1234 651 τ’
1255 605 1423 663 ἀμαυρὰ

58 675 136 723 κοῦ
163 679 367 733 τύραννος
412 669 462 734 ἦν
495 678 686 733 Φρυγῶν.
748 677 782 718 Ε
823 677 984 718 scholio
1026 678 1154 732 igitur
1203 677 1258 719 ad
1286 676 1422 719 Andr.

59 763 100 790 v.
132 744 231 790 163:
263 746 301 788 εἰ
328 748 378 788 δέ
406 760 467 792 τις
494 745 614 788 θεῶν
642 741 668 801 ἢ
699 740 945 800 ἀνθρώπων
971 749 1107 787 σῶσαι
1127 746 1245 788 θέλει
1267 758 1316 788 σε
1335 746 1422 787 κτλ.

59 831 146 857 non
176 813 276 856 licet
314 814 532 869 colligere,
578 815 850 869 interpretem
901 828 951 854 ea
983 813 1139 868 legisse
1171 828 1281 869 quae
1310 827 1424 854 nunc

62 889 230 925 exstant
258 883 303 922 in
335 881 428 923 cod,
457 883 501 923 Β
513 897 521 922 :
569 878 619 938 ἢν
663 877 703 922 δ’
738 875 813 923 οὖν
861 881 975 923 θεῶν
1020 884 1080 928 τίς
1123 878 1162 923 σ’
1191 878 1222 938 ἢ
1261 881 1425 936 βροτῶν

60 953 196 993 σῶσαι
237 950 358 1005 θέλῃ.
418 949 500 991 His
546 949 649 991 locis
695 963 791 991 cum
835 949 1095 1004 negligentia
1141 955 1325 992 mutatus
1373 950 1424 991 sit

60 1019 163 1060 ordo
195 1017 437 1070 verborum,
473 1017 564 1058 aliis
595 1017 707 1058 idem
741 1016 898 1058 factum
930 1023 992 1059 est
1022 1017 1076 1060 ad
1110 1024 1260 1073 poetae
1293 1018 1424 1060 verba

61 1085 330 1143 explicanda,
377 1090 422 1126 ut
471 1085 602 1128 schol.
645 1084 760 1126 Med.
803 1081 912 1127 1309
951 1080 1079 1136 (1298
1109 1085 1180 1139 Κ),
1226 1086 1299 1128 ubi
1345 1086 1424 1127 hac

59 1152 361 1209 interpretandi
406 1153 568 1194 ratione
598 1153 829 1194 Barnesius
876 1159 916 1194 et
948 1152 1217 1209 Musgravius
1256 1155 1299 1195 in
1330 1169 1424 1195 eam

60 1221 232 1263 adducti
263 1226 362 1262 sunt
404 1221 669 1274 sententiam,
721 1227 768 1262 ut
799 1220 989 1263 lectionis
1036 1223 1284 1265 varietatem
1318 1222 1424 1264 indi-

60 1290 147 1330 cari
178 1294 389 1345 putarent.
425 1288 489 1333 Cf.
526 1288 820 1342 schol.s'Andr.
851 1285 946 1332 370.

171 1357 303 1398 Porro
341 1371 428 1399 non
475 1371 838 1413 supervacaneum
872 1358 1042 1400 videtur
1076 1373 1423 1412 commemorare,

57 1432 222 1468 veteres
265 1426 516 1482 interpretes
562 1425 774 1468 interdum
823 1426 1004 1468 eandem
1049 1427 1422 1483 praepositionem,

59 1509 144 1550 qua
172 1498 299 1550 poeta
330 1508 431 1535 usus
463 1501 536 1545 est,
565 1508 785 1550 usurpare,
819 1495 890 1536 sed
924 1508 1019 1535 cum
1051 1494 1133 1536 alio
1168 1495 1423 1551 conjungere

58 1576 171 1615 casu,
213 1566 260 1603 ut
303 1561 437 1604 schol.
465 1562 578 1606 Med.
609 1559 733 1615 1065,
779 1563 851 1604 ubi
882 1561 1013 1604 'verba
1041 1561 1111 1605 ἐπὶ
1140 1565 1214 1619 τῆς
1243 1564 1424 1619 κεφαλῆς

58 1627 146 1681 ἔχει
172 1625 251 1672 τόν
280 1634 490 1684 στέφανον
533 1636 726 1685 spectant
769 1630 824 1673 ad
862 1636 1012 1686 poetae
1045 1631 1175 1674 verba
1205 1636 1262 1684 (V.
1297 1629 1422 1684 1053)

57 1698 124 1740 καὶ
154 1693 209 1753 δὴ
235 1695 302 1740 ’πὶ
331 1698 451 1753 κρατὶ
491 1702 709 1752 στέφανος.
769 1698 903 1740 Andr.
940 1696 1021 1741 777
1054 1698 1208 1755 legitur
1235 1701 1279 1742 in
1312 1697 1437 1741 codi?

59 1765 178 1807 cibus
225 1760 294 1808 ἐπ’
323 1761 509 1821 Ἀργῴου
549 1764 676 1821 δορὸς
707 1767 818 1819 κτλ.,
865 1774 1012 1810 contra
1042 1768 1085 1809 in
1120 1768 1281 1810 scholio
1308 1765 1423 1820 (793)

54 1834 314 1878 invenimus:
365 1831 440 1876 ἐπὶ
478 1833 537 1889 τῷ
574 1833 645 1888 τῆς
677 1832 851 1888 Ἀργοῦς
883 1834 1116 1891 (δόρατιῖ).
1177 1836 1298 1889 Quae
1328 1850 1423 1878 cum

56 1902 116 1943 ita
158 1902 256 1954 sint,
302 1908 460 1943 temere
507 1901 729 1956 collegisse
774 1908 891 1958 patet
922 1903 1192 1959 Hartungum
1230 1919 1252 1945 e
1292 1905 1424 1950 schol.

55 1969 170 2014 Med.
200 1966 307 2012 211:
335 1966 427 2012 ἀντὶ
456 1969 530 2012 τοῦ
562 1964 617 2011 δι’
648 1965 752 2016 ἁλὸς
780 1965 980 2024 ἁλμυρᾶς,
1013 1973 1113 2023 κτλ.,
1143 1988 1168 2014 a
1190 1980 1316 2030 poeta
1336 1989 1424 2016 non

57 2035 112 2078 δι’
142 2031 223 2079 ἅλα
273 2037 349 2079 sed
400 2034 456 2079 δι’
486 2035 586 2084 ἆλός
632 2039 838 2094 scriptum
888 2054 1000 2089 esse,
1044 2043 1294 2096 praesertim
1328 2058 1423 2084 cum

56 2106 314 2161 praepositio
358 2104 430 2147 διά
475 2106 554 2147 hac
599 2106 912 2163 significatione
946 2124 968 2148 a
1010 2108 1113 2151 solis
1160 2111 1296 2165 poetis
1328 2125 1423 2153 cum

56 2173 298 2215 accusativo
335 2175 629 2230 conjungatur,
675 2175 720 2215 in
752 2176 943 2217 oratione
990 2176 1125 2218 soluta
1159 2179 1260 2233 poni
1293 2178 1425 2221 soleat

55 2241 281 2296 genitivus,
313 2255 407 2298 quo.
427 2242 561 2284 utitur
584 2243 804 2298 interpres.

169 2309 372 2366 Denique
404 2324 492 2352 non
517 2310 755 2353 omittenda
786 2317 849 2353 est
869 2317 1060 2354 veterum
1082 2314 1357 2370 interpretum
1379 2318 1423 2358 in

55 2384 292 2435 temporum
323 2392 403 2420 usu
432 2379 706 2434 negligentia,
741 2381 858 2435 cujus
879 2381 1077 2438 exempla
1100 2383 1273 2425 afferam
1289 2385 1421 2427 haec:

170 2445 313 2492 Schol.
350 2445 487 2488 Andr.
528 2442 634 2489 828:
690 2448 898 2506 καταικιῇε
945 2448 1148 2507 ὑβρίζεις,
1197 2447 1422 2506 ἄφανίζεις.

56 2514 189 2559 schol.
222 2514 334 2561 Med.
366 2511 463 2558 585.
511 2522 652 2560 κτενεῖ
659 2535 672 2558 .·
716 2511 805 2560 οἷον
843 2509 899 2564 εἷς
937 2515 1060 2572 λόγος
1090 2532 1140 2562 σε
1167 2527 1421 2578 τιμωρεῖται.
