1716 3017
874 186 930 233 54

222 313 412 358 scholl.
443 312 574 357 Med.
605 308 702 365 218,
736 314 779 354 in
810 313 966 370 quibus
998 330 1075 370 pro
1097 313 1228 358 ἔνεστ’
1249 314 1308 364 ἐν,
1341 315 1455 371 quod
1486 315 1584 370 legi-

220 387 288 422 tur
320 382 362 421 in
394 380 533 430 codd„
583 380 649 422 bis
692 382 876 436 positum
914 388 976 424 est
1004 381 1182 435 ἔνεστιν,
1232 382 1344 438 quod
1376 387 1586 425 consensu

221 450 412 490 omnium
461 448 654 490 codicum
703 450 901 491 commoti
943 449 1216 506 rejiciendum
1262 465 1353 492 esse
1389 450 1586 506 judicant

220 515 464 572 Elmslejus,
497 515 803 570 Kirchhoffius,
830 517 1040 570 Klotzius,
1071 517 1336 561 Dindorfius.
1370 544 1423 549 —

333 583 574 625 Particulae
604 598 700 625 cum
730 583 991 639 negligentia
1012 586 1258 626 omittantur
1288 585 1426 641 potius
1460 600 1586 641 quam

221 653 463 692 inserantur
483 653 534 705 ¹),
581 651 736 707 injuria
782 652 1018 706 negligitur
1063 652 1116 694 ab
1166 652 1409 694 hominibus
1452 653 1586 694 doctis

219 720 338 760 varia
359 718 497 773 lectio,
531 734 640 775 quae
662 719 900 761 continetur
921 719 1120 761 lemmate
1150 735 1167 761 s
1182 719 1241 760 ch
1256 720 1314 763 ol.
1341 720 1468 761 Med.
1489 717 1584 765 823.

220 786 383 841 εἴπερ
431 792 661 843 φρονεῖς
708 788 741 840 γ’
773 781 827 829 εὖ
869 784 1185 833 δεσπόταις.
1243 787 1504 830 Particulam
1533 793 1586 842 γέ,

222 869 331 910 quae
380 853 497 896 nullo
545 856 591 896 in
622 855 768 897 codice
808 856 1024 896 invenitur
1071 870 1210 911 neque
1241 857 1440 912 cuiquam
1471 871 1587 897 nunc

221 922 400 977 probata
446 928 519 972 est,
567 929 681 964 recte
714 930 969 978 receperunt
1008 923 1224 966 Porsonus
1273 930 1313 964 et
1344 923 1586 980 ElmslejuS,

223 991 294 1045 qui
325 990 533 1046 exemplis
560 990 702 1032 allatis
735 991 844 1032 hanc
877 991 1050 1032 dicendi
1081 992 1290 1032 rationem
1323 990 1588 1032 confirmant.

223 1057 286 1101 Cf.
321 1057 452 1113 Soph.
482 1058 549 1115 Aj.
580 1057 656 1100 84:
699 1058 800 1109 πῶς,
830 1058 955 1113 εἴπερ
989 1055 1230 1114 ὀφθαλμοῖς
1260 1073 1305 1112 γε
1330 1064 1418 1106 τοῖς
1448 1054 1588 1104 αὐτοῖς

223 1121 327 1181 ὁρᾷ,·
357 1151 411 1155 ——
443 1125 538 1182 Iph.
571 1126 702 1167 Taur.
735 1124 856 1169 1174.

334 1193 549 1235 Lemma
595 1194 762 1238 schol.
805 1194 960 1236 Andr.
1008 1191 1141 1237 1184:
1191 1186 1316 1241 οὗτός
1349 1195 1382 1247 γ’
1414 1192 1478 1236 ἄν.
1537 1194 1589 1235 In

222 1262 393 1317 optimis
427 1261 548 1303 codd.
584 1276 681 1304 cum
703 1262 872 1317 legatur
905 1254 1030 1309 οὗτός
1060 1263 1094 1304 τ’
1114 1261 1180 1316 ἄν,
1211 1263 1425 1303 Porsonus
1446 1261 1586 1305 Praef.

221 1329 384 1373 Hecub.
418 1345 459 1386 p.
489 1326 557 1374 33.
603 1331 769 1386 scripsit
813 1321 937 1378 οὗτός
968 1328 1093 1385 γ’ξόίν.
1156 1330 1236 1371 Cui
1265 1329 1535 1385 conjecturae
1567 1345 1589 1371 e

222 1397 420 1439 lemmate
445 1397 566 1439 nulla
595 1403 735 1454 potest
756 1398 975 1440 conciliari
1002 1398 1244 1451 auctoritas,
1276 1398 1461 1453 primum
1491 1399 1590 1453 quia

222 1464 364 1507 literas
398 1481 421 1519 y
450 1473 490 1508 et
509 1482 532 1507 τ
565 1466 815 1521 saepissime
840 1467 949 1508 inter
975 1480 1020 1507 se
1040 1471 1221 1507 mutatas
1255 1480 1348 1506 esse
1369 1468 1588 1518 constat2),

222 1540 311 1574 tum
342 1535 443 1589 quia
475 1533 544 1575 hic
574 1533 783 1590 particula
815 1538 862 1587 γε’
893 1534 1033 1575 locum
1066 1549 1153 1575 non
1186 1533 1331 1586 habet,
1363 1547 1459 1574 cum
1493 1547 1588 1575 ver-

222 1601 322 1642 bum
367 1593 491 1648 οῧτος
532 1608 677 1658 aperte
723 1603 968 1658 oppositum
1013 1602 1064 1643 sit
1098 1603 1156 1643 eis
1192 1616 1302 1658 quae
1333 1607 1587 1657 sequuntur:

221 1666 271 1711 τὸ
304 1665 382 1712 σὸν
413 1663 519 1726 δ’ἧν
549 1669 631 1712 κτὲ.
660 1693 715 1699 -Δ-
744 1669 821 1726 (Gr.
854 1669 1002 1713 Herm.
1035 1666 1165 1716 οὕτως
1193 1669 1270 1722 γ’.).

335 1737 545 1779 Lemma
578 1737 744 1783 schol.
774 1737 909 1780 Med.
943 1735 1075 1781 1333:
1115 1734 1191 1779 τὸν
1224 1734 1303 1780 σὸν
1331 1738 1366 1779 δ’
1392 1734 1588 1792 ἅλάστορ’

223 1805 281 1852 εἰς
310 1801 375 1858 ἔμ’
402 1805 596 1862 ἔσκηψαν
626 1808 738 1848 θεοί.

336 1873 553 1916 Particula
582 1875 640 1927 δέ,
672 1888 782 1929 quae
814 1872 970 1928 legitur
999 1875 1042 1915 in
1071 1873 1269 1916 lemmate
1291 1881 1329 1915 et
1349 1876 1392 1915 in
1421 1875 1514 1916 eod.
1534 1877 1589 1928 B,

224 1944 383 1983 inserta
433 1948 615 1983 metrum
666 1942 925 1995 restituitur,
978 1957 1065 1983 non
1116 1943 1392 1984 restituuntur
1438 1951 1592 1999 poetae

224 2009 370 2061 verba,
402 2009 445 2050 id
476 2009 590 2066 quod
623 2009 728 2051 mihi
758 2009 929 2066 quidem
962 2010 1172 2065 persuasit
1196 2009 1416 2052 Nauckius
1450 2011 1477 2053 l.
1499 2027 1536 2056 a,
1557 2011 1591 2052 Ι.

223 2094 263 2133 p.
297 2073 390 2119 137.
456 2077 677 2119 Summam
717 2092 820 2133 prae
860 2093 905 2119 se
936 2078 1015 2119 fert
1047 2078 1233 2133 speciem
1273 2079 1464 2121 veritatis
1496 2094 1591 2121 con-

216 2146 385 2201 jectura
419 2145 576 2199 Weilii,
602 2147 686 2187 τῶν
714 2147 802 2187 σῶν
830 2146 866 2187 σ’
888 2141 1083 2201 ἅλάστορ’
1113 2146 1198 2188 κτέ.
1248 2147 1442 2197 (Kirchh.
1474 2148 1592 2189 τοῑὸν

226 2214 261 2255 ‹5'
294 2210 515 2268 &maweu
570 2213 787 2255 Nauckius
835 2212 989 2256 τοιόνδ’
1031 2211 1257 2267 ἀλάστορ’).
1321 2214 1590 2272 Quamquam

225 2280 447 2322 lectionem
474 2280 552 2323 τὸν
579 2279 655 2324 σὸν
686 2283 720 2324 δ’
755 2296 905 2324 revera
936 2281 1037 2323 olim
1071 2282 1304 2335 exstitisse,
1343 2284 1445 2325 satis
1477 2288 1590 2324 certo

226 2364 249 2390 e
279 2350 477 2391 lemmate
509 2349 734 2405 colligitur.

320 2457 350 2497 l)
376 2454 428 2487 Cf.
460 2454 585 2487 lemma
616 2453 724 2487 schol.
758 2452 865 2486 Andr.
893 2454 991 2487 1129.
1027 2455 1141 2500 πυκνῇ
1166 2448 1306 2497 νιφάδι,
1336 2454 1398 2487 ubi
1425 2448 1462 2487 δέ
1486 2454 1592 2487 inter-

226 2511 322 2544 cidit.
349 2531 391 2535 —

317 2569 353 2611 2)
378 2568 428 2602 Cf.
453 2569 590 2602 Nauck.
615 2567 713 2602 Stud.
737 2568 858 2611 Eurip.
884 2568 921 2609 1.‚
948 2579 983 2610 p,
1011 2568 1086 2601 118.

1711 895 1716 903 .
1709 823 1716 870 -..ς
1706 800 1716 811 ,ι
1712 782 1716 786 ,
1695 346 1716 775 ,-.....,.,μ...-......““,“’.,.·-....Δ-Δ.ω
1697 316 1709 341 ιι
