1716 3017
405 750 658 805 Priusquam
691 749 745 790 ad
777 748 967 803 singulas
999 749 1257 790 scholiorum
1288 750 1428 790 varias
1451 749 1654 791 lectiones

293 818 597 860 examinandas
651 821 940 869 transeamus,
1001 831 1136 872 pauca
1183 816 1493 872 praemittenda
1544 823 1654 870 sunt,

294 901 414 942 quae,
448 886 482 926 si
509 899 670 940 aequos
692 899 767 925 nos
789 889 1006 940 praestare
1028 884 1196 940 judices
1218 884 1435 926 studemus
1466 885 1509 925 in
1541 884 1657 926 scho-

291 954 442 996 liorum
474 952 722 994 auctoritate
753 951 1045 1007 ponderanda,
1080 967 1166 994 non
1197 952 1296 994 licet
1326 952 1557 1007 negligere.

404 1020 547 1076 Atque
592 1020 775 1075 primum
819 1019 991 1075 quidem
1039 1019 1350 1062 consideranda
1397 1026 1504 1070 sunt,
1548 1035 1656 1076 quae
1707 1016 1710 1019 “

292 1089 482 1144 disputat
513 1087 690 1130 Kirchn
738 1087 879 1129 Praef.
909 1087 1020 1132 Med.
1072 1087 1211 1131 Berol.
1244 1085 1365 1131 1852.
1412 1103 1451 1143 p.
1485 1084 1554 1131 42.
1613 1087 1657 1129 Is

292 1157 405 1199 enim
435 1160 650 1197 auctorem
682 1156 890 1196 incertum
915 1157 941 1208 ¹)
974 1155 1201 1197 arbitratur
1233 1155 1392 1197 scholia
1422 1155 1476 1197 ad
1508 1161 1658 1211 poetae

291 1223 424 1266 verba
454 1222 507 1265 ab
546 1224 638 1278 ipso
668 1222 959 1278 compluribus
990 1223 1113 1265 libris
1145 1223 1310 1265 collatis
1343 1225 1571 1265 constituta
1600 1224 1658 1264 ita

291 1290 704 1343 accommodavisse,
752 1297 797 1332 ut
848 1305 959 1346 quae
1004 1293 1047 1332 in
1095 1293 1153 1332 eis
1195 1292 1468 1333 inveniantur
1512 1292 1658 1333 variae

290 1360 515 1411 lectiones,
554 1373 625 1400 eas
657 1372 805 1400 omnes
836 1364 995 1400 certum
1030 1361 1083 1401 sit
1123 1358 1252 1401 fuisse
1298 1360 1340 1401 in
1371 1359 1657 1415 autograph03

291 1442 422 1484 quare
451 1442 537 1468 non
568 1441 694 1482 posse
721 1426 837 1480 fieri,
882 1433 927 1468 ut
961 1427 1131 1469 scholiis
1162 1428 1228 1469 usi
1261 1427 1373 1469 ultra
1404 1426 1656 1483 autographi

289 1494 416 1540 fidem
447 1494 740 1536 ascendamus.

404 1565 524 1614 Quae
564 1562 773 1603 sententia
811 1561 929 1603 nullo
977 1562 1103 1603 modo
1134 1568 1272 1618 potest
1302 1563 1488 1618 probari.
1547 1562 1656 1604 Nam

289 1631 369 1683 fac,
392 1661 394 1663 -
417 1629 535 1671 illum
568 1644 718 1671 revera
750 1629 829 1671 hoc
877 1629 955 1670 sibi
1002 1631 1273 1686 proposuisse
1305 1632 1658 1687 propositumque

291 1712 456 1740 summa
485 1712 581 1739 cum
614 1697 839 1753 diligentia
871 1698 1100 1753 peregisse,
1137 1705 1279 1739 tamen
1311 1714 1398 1739 non
1431 1697 1656 1751 dubitabis,

291 1767 393 1822 quin
424 1765 526 1807 haec
559 1765 596 1806 ei
641 1780 708 1807 res
755 1780 905 1821 parum
952 1781 1153 1822 prospere
1187 1767 1373 1816 cesserit,
1420 1767 1501 1807 nisi
1548 1766 1657 1807 forte

289 1839 427 1889 putas,
450 1848 547 1874 eum
563 1832 694 1875 fuisse
716 1832 930 1874 hominem
953 1835 1194 1875 acutissimo
1213 1834 1451 1889 praeditum
1471 1834 1656 1889 ingenio,

291 1916 417 1957 quem
449 1900 568 1942 nulla
608 1902 783 1943 omnino
816 1900 973 1956 fugerit
1003 1901 1257 1943 scholiorum
1287 1902 1405 1944 varia
1433 1901 1571 1952 lectio,
1612 1901 1656 1942 id

382 2071 412 2114 1)
439 2071 496 2104 Sic
520 2071 623 2104 liceat
649 2073 832 2104 nominare
860 2080 948 2113 eum,
988 2072 1047 2114 qui
1084 2075 1118 2104 et
1147 2072 1358 2104 scholiorum
1385 2081 1523 2114 corpus,
1560 2073 1656 2114 quus

291 2130 460 2171 reliquiae
477 2128 519 2161 ad
538 2132 692 2161 nostram
710 2132 857 2161 aetatem
878 2132 1119 2171 pervenerunt,
1146 2129 1337 2171 composuit
1362 2134 1397 2161 et
1415 2129 1654 2172 compluribus

288 2185 388 2219 libris
416 2185 721 2229 collatisboperam
747 2185 841 2218 dedit
866 2188 987 2227 poetae
1005 2185 1122 2218 verbis
1139 2185 1374 2218 restituendis.
1412 2186 1460 2218 Cf.
1478 2186 1655 2229 subscrip-

293 2244 417 2282 tiones,
455 2253 544 2285 quae
574 2246 714 2275 exstant
751 2242 785 2273 in
817 2242 882 2274 fine
915 2241 1056 2275 Medeae
1082 2242 1239 2274 fabulae:
1278 2241 1399 2283 Τέλος
1423 2237 1572 2285 μηδείας
1597 2241 1654 2276 εὐ-

289 2295 444 2348 ριπίδου.
488 2296 574 2348 πρός
604 2295 772 2347 διάφορα
799 2297 1014 2347 ἀντίγραφα
1043 2294 1233 2332 διονυσίου
1264 2296 1458 2345 ὁλοσχερὲς
1482 2298 1544 2331 καί
1570 2310 1655 2332 τινα

289 2358 363 2389 τῶν
389 2351 557 2399 διδύμου,
583 2359 617 2388 et
642 2356 677 2388 in
703 2356 769 2388 fine
794 2356 950 2390 Orestis:
976 2352 1062 2404 πρὸς
1087 2352 1255 2405 διάφορα
1283 2353 1510 2402 ἀντίγραφα.
1536 2367 1654 2402 παρα-

289 2414 488 2462 γέγραπται
524 2411 558 2445 ἐκ
596 2416 666 2446 τοῦ
701 2409 892 2446 διουυσίου
936 2410 1199 2457 ὑπομνήματος
1238 2410 1446 2462 ὁλοσχερῶς
1481 2413 1544 2445 καὶ
1580 2415 1655 2446 τῶν

290 2471 438 2512 marah».
462 2469 513 2503 Cf.
538 2469 683 2503 Kirchh.
701 2470 813 2502 Praef.
838 2469 929 2502 Med.
959 2482 990 2513 p.
1005 2472 1038 2506 3.
1086 2469 1263 2503 Barthold.
1289 2469 1330 2502 de
1355 2470 1478 2503 scholl.
1496 2474 1654 2503 veterum

287 2526 326 2560 in
353 2526 472 2569 Eurip.
500 2526 606 2560 fontt.
654 2527 795 2559 Bonnae
825 2528 921 2561 1864.
947 2539 979 2570 p.
1006 2529 1046 2560 31
1075 2537 1149 2569 sqq.
