1716 3017
917 156 972 202 26

381 281 448 322 Ex
480 283 724 337 interpretis
755 283 884 336 igitur
916 284 1055 325 verbis
1095 284 1202 325 nihil
1232 284 1456 326 lucramur.
1515 286 1624 328 Nam

267 363 370 389 eave
416 365 469 390 ne
518 348 619 404 quid
657 349 890 391 concludas
920 365 973 392 ex
1004 366 1067 405 eo,
1115 352 1229 407 quod
1258 351 1449 393 additum
1480 359 1542 395 est
1571 353 1625 395 ab

266 417 495 472 interprete
525 419 583 472 τῷ
622 417 669 458 δὲ
709 415 834 473 ἔργῳ,
882 420 1041 474 quippe
1071 420 1184 475 quod
1227 419 1429 461 insertum
1463 422 1536 474 sit,
1582 427 1627 463 ut

268 486 463 539 opposita
494 484 637 526 verbis
666 483 774 541 λόγῳ
805 485 881 538 μὲν
911 488 1082 528 notione
1110 489 1318 530 contraria
1358 487 1525 542 planior
1554 489 1628 531 fiat

268 553 491 593 sententia.
552 553 617 594 Cf.
659 552 789 596 schol.
836 553 970 598 Andr.
1020 551 1113 597 965.
1174 554 1241 596 De
1272 571 1312 596 v.
1343 554 1369 599 l.
1409 557 1560 612 καρδία
1586 572 1627 599 v.

268 618 378 660 infra
402 635 443 675 p.
474 618 542 665 56.

381 687 431 731 V.
467 685 549 730 730
578 703 691 744 sqq.:

742 755 906 803 τούτοις
936 758 972 798 δ’
1005 754 1187 812 ὁρκίοισι
1215 758 1293 811 μὲν
1323 760 1459 811 ζυγείς

439 821 616 876 ἄγουσιν
641 820 690 866 οὗ
716 824 861 877 μεθεῖ
891 820 942 866 ἂν
971 823 1015 867 ἐκ
1041 827 1153 877 γαίας
1184 824 1269 879 ἑμέ-

438 891 579 944 λόγοις
610 893 659 933 δὲ
690 888 850 946 συμβὰς
879 893 948 934 καὶ
978 893 1093 935 θεῶν
1121 889 1335 946 ἀνώμοτος

438 959 558 1013 φίλος
589 961 711 1013 γένοι’
743 975 796 1002 αν
825 955 1225 1016 καπικηρυκεύματα

438 1025 511 1069 οὐκ
541 1024 593 1070 ἂν
621 1030 789 1070 πίθοιο.

383 1095 502 1136 Libri
533 1093 764 1148 ἐνώμοτος,
798 1096 881 1136 nisi
918 1095 1032 1151 quod
1069 1091 1280 1148 ἀνώμοτος
1310 1098 1537 1153 ascriptum
1571 1103 1633 1139 est

270 1165 313 1205 in
344 1163 433 1204 eod.
469 1179 505 1205 a.
534 1163 586 1207 V.
608 1160 689 1206 733
720 1164 764 1203 in
795 1162 917 1207 codd.
951 1163 1110 1218 legitur
1137 1160 1535 1219 κᾶπικηρυκεὺμασι
1563 1165 1633 1207 vel

268 1227 372 1273 κάπὶ
401 1229 694 1286 κηρυκεὺμασι.

384 1299 421 1340 Ε
454 1299 615 1341 scholio
659 1301 962 1356 comperimus,
1005 1299 1112 1340 haee
1159 1299 1288 1340 verba
1330 1301 1478 1341 vitiata
1527 1316 1634 1354 esse,

270 1383 355 1408 non
384 1368 699 1421 cognoscimus,
733 1383 817 1423 qua
849 1369 1010 1409 ratione
1042 1368 1127 1408 sint
1153 1367 1436 1412 emendanda.
1496 1368 1635 1424 Atque

270 1436 452 1490 primum
485 1435 659 1490 quidem
702 1436 853 1476 summi
886 1441 947 1476 est
978 1437 1200 1487 momenti,
1247 1436 1362 1491 quod
1392 1450 1414 1476 e
1442 1442 1634 1477 veterum

270 1504 546 1558 interpretum
575 1503 718 1545 verbis
747 1503 841 1545 luee
869 1504 1021 1546 elarius
1054 1510 1244 1559 apparet,
1294 1502 1394 1544 olim
1428 1505 1632 1560 seriptum

270 1570 400 1612 fuisse
427 1567 843 1626 κᾶπικηρυκεύματα,
890 1571 1081 1612 dativum
1126 1572 1255 1625 igitur
1285 1585 1444 1625 casum,
1487 1574 1558 1627 qui
1591 1573 1632 1613 in

271 1638 389 1679 libris
434 1637 601 1692 legitur,
649 1654 672 1680 e
706 1640 949 1695 conjectura
979 1654 1070 1680 esse
1096 1640 1346 1695 profectum.
1406 1639 1469 1681 Of.
1503 1640 1632 1683 schol.

271 1702 367 1759 735,
409 1722 450 1761 p.
481 1704 549 1750 48.
591 1722 630 1750 V.
661 1702 741 1748 20:
788 1705 848 1763 μὴ
892 1702 1058 1760 ὀμόσας
1088 1708 1138 1749 δὲ
1168 1707 1289 1760 φίλος
1319 1711 1450 1759 γένοιο
1483 1703 1534 1749 ἂν
1564 1703 1636 1750 διὰ

270 1776 345 1817 τοῦ
374 1771 772 1830 ἐπικηρυκεύματος.
812 1776 952 1818 λείπει
982 1770 1007 1830 ἡ
1036 1773 1105 1817 διὰ
1136 1774 1222 1816 κτλ.
1268 1789 1308 1830 p.
1337 1771 1405 1818 49,
1435 1791 1476 1816 v.
1507 1775 1551 1816 1:
1596 1774 1637 1816 εἰ

271 1843 319 1884 δε)
349 1838 418 1884 διὰ
446 1840 581 1895 λόγων
624 1841 770 1896 μόνων
818 1843 1019 1896 σύνθοιο,
1065 1842 1164 1888 ἴσως
1209 1838 1261 1884 ἂν
1290 1840 1460 1884 ἐκείνων
1499 1846 1634 1895 γένοιο

269 1911 411 1966 φίλος,
455 1911 525 1952 καὶ
556 1908 626 1952 διὰ
653 1909 718 1958 ,τὰ
760 1909 1124 1967 ἕπικηρυκεύματα
1151 1946 1159 1955 .
1192 1944 1202 1953 .
1235 1945 1245 1954 .
1279 1946 1288 1954 .
1331 1907 1635 1963 ἐξαιτουμένοις

270 1993 326 2032 με
371 1977 535 2031 ἑκδοίης
579 1974 630 2020 ἂν
672 1974 824 2025 αὐτοῖς.
883 1980 1044 2020 Auctor
1090 1977 1450 2034 interpretationis
1495 1978 1635 2033 priore

273 2046 366 2088 loeo
422 2046 577 2087 allatae
636 2046 803 2088 videtur
860 2047 1015 2101 legisse
1061 2045 1479 2102 τᾶπικηρυκεὺματα,
1540 2059 1635 2086 eum

273 2114 353 2155 hoc
385 2114 540 2155 referat
570 2114 624 2155 ad
656 2129 705 2156 ea.
727 2128 835 2170 quae
866 2113 1142 2167 anteeedunt3
1174 2113 1351 2155 alteram
1384 2113 1456 2168 qui
1485 2111 1635 2164 attulit,

273 2182 378 2237 legit
405 2179 816 2238 κάπικηρυκεὺματα.
878 2181 944 2224 Cf.
974 2181 1104 2226 schol.
1138 2177 1233 2230 737,
1267 2197 1307 2237 p.
1334 2177 1402 2223 49.
1433 2195 1473 2221 V.
1502 2176 1551 2221 9:
1585 2179 1637 2235 τῇ

273 2251 322 2292 δὲ
351 2245 498 2305 εὐθείᾳ
538 2244 629 2292 ἀντὶ
670 2249 836 2305 δοτικῆς
867 2254 1077 2305 κέχρηταί
1121 2247 1208 2291 ἔδει
1251 2246 1329 2302 γὰρ
1371 2248 1523 2296 εἰπεῖν,
1568 2247 1637 2288 καὶ

274 2323 362 2364 τοῖς
389 2315 559 2360 ἐκείνων
604 2315 993 2373 ἐπικηρυκεῦμασιν
1038 2313 1111 2359 οὐκ
1141 2313 1194 2359 ἂν
1222 2320 1387 2361 πίθοιο.
1445 2316 1638 2368 Δίδυμος

275 2388 326 2428 δέ
352 2398 483 2442 φησιν
508 2383 720 2428 ἐλλείπειν
745 2384 823 2440 τὴν
852 2382 935 2436 διά,
966 2376 1064 2441 ἵν’ᾗ
1086 2383 1156 2427 διὰ
1186 2382 1236 2427 τὰ
1258 2382 1636 2440 ε’πικηρυκεύματα.

277 2454 392 2506 (vide
425 2468 536 2509 quae
566 2468 694 2509 supra
726 2454 1000 2509 exposuimus
1032 2468 1075 2508 p.
1104 2450 1189 2505 25).

389 2521 616 2563 Praeterea
667 2521 950 2577 comperimus
1002 2535 1024 2561 e
1068 2520 1260 2574 scholiis,
1308 2520 1469 2562 variam
1518 2517 1636 2570 illam
