1716 3017
968 164 1022 210 14

312 291 414 343 (πᾶς
441 303 502 335 τις
533 290 667 343 φιλεῖ)
719 304 820 331 usus
868 296 957 332 erat
1006 290 1165 346 plurali
1209 305 1386 334 numero
1432 293 1676 348 (φιλοῦσιν).

312 357 480 398 Etenim
513 357 641 401 schol.
670 354 740 410 87,
773 358 844 399 ubi
879 359 922 399 in
957 360 1304 414 interpretatione
1336 360 1442 401 illud
1473 360 1559 406 πᾶς
1591 375 1676 402 ser-

310 430 452 466 vatum
484 430 566 477 est,
598 426 838 467 invenimus
870 426 1131 482 singularem
1163 443 1386 470 numerum
1415 429 1492 470 τοῦ
1525 429 1677 474 πέλας;

312 490 336 533 ὁ
368 493 417 533 δὲ
447 492 559 543 νοῦς,
590 493 675 539 πᾶς
705 490 856 536 ἑαυτὸν
883 495 961 537 τοῦ
987 496 1118 542 πέλας
1146 495 1306 549 μᾶλλον
1335 496 1455 550 φιλεῖ
1471 498 1516 549 ¹).

423 559 596 601 Deinde
625 574 729 603 cave
759 577 814 604 ne
845 562 947 618 quid
977 563 1138 605 tribuas
1170 563 1403 619 particulis,
1452 578 1562 620 quae
1591 578 1676 606 sae-

310 628 484 684 pissime
511 626 772 671 inseruntur
817 631 1249 687 interpretationibus,
1300 633 1495 689 quamvis
1541 646 1677 688 prope

310 696 366 738 ad
414 697 509 751 ipsa
555 701 706 751 poetae
754 699 886 740 verba
930 700 1149 741 accedant.
1208 699 1306 751 Qua
1338 699 1393 742 de
1422 715 1469 742 re
1501 713 1677 742 monere

310 779 395 805 non
430 778 522 805 esse
551 778 928 819 supervacaneum,
979 774 1157 824 apparet
1188 783 1243 810 ex
1271 782 1415 810 errore
1435 767 1614 810 Porsoni
1631 770 1675 821 2),

311 833 383 888 qui
415 831 527 874 Med.
559 827 641 873 139
672 847 747 888 pro
777 835 945 889 φροῦδα
974 831 1067 878 τάδ’
1101 834 1183 893 ἤδη
1215 837 1384 893 scripsit
1407 837 1575 891 φροῦδα
1595 834 1676 890 γὰρ

310 898 390 958 ἤδη
421 896 526 951 τάδ’,
570 914 698 955 quam
746 902 1089 945 emendationem
1120 905 1364 946 confirmari
1410 904 1578 960 putavit
1625 918 1675 944 eo

310 968 423 1025 quod
454 970 498 1008 in
527 967 686 1009 scholio
718 969 773 1011 ad
804 971 916 1013 hunc
946 971 1089 1014 locum
1120 979 1215 1029 post
1245 973 1412 1028 φροῦδα
1441 971 1588 1014 addita
1614 977 1676 1013 est

308 1035 515 1092 particula
547 1034 640 1090 γάρ.
700 1036 850 1094 Neque
882 1054 982 1082 vero
1019 1040 1204 1083 dubitari
1236 1046 1388 1096 potest,
1417 1041 1520 1097 quin
1550 1041 1675 1096 parti·

309 1104 406 1146 cula
433 1102 506 1145 illa
536 1105 735 1159 respiciat
766 1121 816 1148 ea
844 1123 955 1164 quae
987 1109 1028 1150 in
1061 1110 1151 1165 ipso
1185 1108 1344 1150 scholio
1377 1109 1572 1164 proxime
1602 1122 1675 1149 an-

307 1172 529 1215 tecedunt:
577 1167 667 1213 ἆπὸ
717 1173 762 1216 δὲ
794 1171 1018 1231 ἀρσενικοῦ
1064 1176 1122 1224 εἰς
1158 1174 1383 1232 οὐδέτερον
1412 1178 1673 1230 μεταβαίνει.

309 1241 472 1284 Similia
506 1237 680 1295 collegit
700 1241 930 1286 Elmsleius
959 1245 1151 1286 adhunc
1183 1244 1338 1289 locum.
1398 1243 1564 1287 Eodem
1585 1243 1674 1285 fere

307 1313 434 1356 modo
482 1314 776 1362 comparatum
822 1319 885 1355 est
932 1313 1064 1357 schol.
1105 1313 1242 1358 Andr.
1275 1309 1332 1356 24
1346 1313 1405 1369 3),
1449 1313 1523 1355 ubi
1570 1313 1676 1355 haec

308 1383 528 1438 leguntur:
574 1379 721 1437 ἄρσεν’
752 1379 923 1424 ἐντίκτω
953 1379 1107 1437 κόρον.·
1153 1381 1268 1428 ἰδίως
1295 1379 1368 1424 ἕνα
1396 1382 1503 1438 φησὶ
1541 1383 1676 1424 παῖδα

306 1454 505 1503 γενέσθαι
540 1453 600 1508 τῷ
632 1450 916 1506 Νεοπτολέμῳ
962 1447 1100 1492 ἄλλων
1140 1455 1252 1505 τρεῖς
1298 1447 1516 1502 λεγόντων.
1578 1449 1674 1502 Quo

307 1517 401 1560 loco
431 1520 546 1576 quod
568 1518 798 1574 Euripides
821 1517 1079 1572 significavit
1101 1517 1306 1573 singulari
1328 1532 1505 1560 numero
1532 1518 1675 1573 κόρον,

306 1586 348 1627 id
378 1587 524 1629 addito
546 1588 676 1630 verbo
706 1584 778 1630 ἕνα
808 1586 963 1628 clarius
985 1592 1112 1643 atque
1134 1587 1374 1628 distinctius
1395 1585 1674 1629 indicandum

305 1654 385 1697 fuit
413 1656 655 1711 interpreti,
704 1657 777 1711 qui
820 1662 987 1710 poetam
1020 1655 1073 1696 ab
1109 1654 1204 1697 aliis
1236 1653 1462 1697 dissentire
1491 1668 1697 1697 comme-¹

306 1728 443 1765 morat
486 1723 628 1765 verbis
673 1720 810 1765 ἄλλων
856 1728 967 1779 τρεῖς
1013 1722 1233 1776 λεγόντων.
1292 1721 1408 1765 Illud
1437 1721 1513 1766 ἕνα
1544 1723 1674 1778 igitur

307 1798 369 1834 est
413 1792 670 1848 interpretis,
717 1806 802 1833 non
846 1798 1012 1847 poetae,
1070 1792 1141 1847 qui
1186 1805 1259 1833 cur
1299 1791 1410 1834 hanc
1454 1792 1674 1834 notionem

306 1860 453 1902 efferre
496 1860 703 1913 voluerit,
749 1859 869 1901 nulla
897 1865 1036 1916 potest
1076 1874 1205 1902 causa
1237 1861 1482 1915 excogitari,
1513 1858 1671 1915 (eflG.

305 1927 540 1972 Hermann.
563 1928 617 1970 ad
637 1928 752 1969 hunc
769 1931 926 1979 locum)
951 1929 1170 1984 aptissime
1192 1933 1333 1970 autem
1355 1927 1526 1969 effertur
1545 1943 1584 1971 v.
1603 1925 1671 1971 47.

307 1996 450 2047 Quare
471 1996 675 2052 quicquid
707 1996 761 2037 de
786 1996 917 2038 verbo
950 1995 1065 2052 quod
1098 2002 1159 2037 est
1189 1995 1361 2039 ἑντίκτω
1401 1995 1672 2038 statuendum

305 2070 384 2117 est,
433 2070 594 2106 certum
638 2064 788 2119 habeo,
834 2064 988 2106 falsam
1033 2079 1126 2106 esse
1156 2066 1409 2107 sententiam
1440 2064 1672 2119 Lentingii‚

306 2133 378 2188 qui
408 2147 430 2173 e
462 2132 610 2173 scholii
638 2133 778 2175 verbis
809 2130 881 2175 ἕνα
899 2133 1007 2190 φησὶ
1031 2134 1166 2175 παῖδα
1186 2132 1396 2174 conclusit
1422 2131 1672 2188 Euripidem

306 2201 525 2256 scripsisse
569 2198 712 2255 ἄρσεν’
753 2198 826 2243 ἕνα
871 2204 993 2244 τίκτω
1033 2200 1181 2256 κόρον,
1222 2215 1351 2257 quam
1383 2201 1671 2257 conjecturam

304 2267 470 2310 Nauck.
499 2268 527 2314 l.
558 2283 595 2311 a.
628 2285 669 2325 p.
701 2266 755 2312 87
791 2284 877 2312 non
909 2268 1092 2312 debebat
1120 2269 1316 2325 probare.

400 2434 431 2474 1)
457 2431 498 2466 V,
525 2430 613 2463 infra
639 2441 672 2473 p.
697 2432 740 2462 36
765 2441 816 2472 sq.

397 2492 432 2529 2)
458 2489 563 2529 Cujus
589 2489 797 2519 sententiam
822 2488 949 2530 probat
976 2489 1180 2530 Hartungus
1208 2488 1228 2521 Ι.
1257 2498 1287 2520 a.
1315 2498 1348 2530 p.
1375 2489 1453 2520 251.

397 2548 432 2588 3)
457 2546 507 2579 Cf.
535 2555 622 2588 quae
649 2545 739 2577 infra
764 2544 1020 2588 disputabimus
1045 2557 1079 2588 p.
1105 2547 1147 2578 35
1173 2545 1214 2577 de
1240 2544 1330 2578 Med.
1356 2555 1389 2577 v.
1417 2545 1514 2583 1098,
