1716 3017
0 415 4 442 l

0 449 4 497 l

721 147 820 199 25>

70 296 221 338 parum
264 285 459 323 accurate
505 280 666 336 antiqui
708 281 957 336 interpretes
986 279 1148 320 versari
1192 278 1358 320 soleant
1386 278 1431 319 in

71 349 240 391 casibus
286 347 566 405 explicandis.
636 347 904 390 Documento
953 352 1051 388 sunt
1093 346 1173 388 loei
1224 345 1432 402 permulti,

69 415 222 473 quibus
267 416 603 472 praepositiones
651 415 797 457 deesse
843 415 1105 466 dieunt-urm,
1182 414 1246 455 Cf.
1299 412 1431 455 schol.

0 526 1 530 ,
68 483 182 526 Med.
214 479 316 526 737:
361 485 556 536 Δίδυμος
593 484 644 525 δέ
671 494 802 540 φησιν
833 481 1041 525 ἐλλείπειν
1078 480 1156 537 τὴν
1194 479 1277 531 διά,
1323 480 1374 522 ἵν’
1405 474 1431 538 ᾗ

69 548 140 593 διὰ
168 548 220 593 τὰ
240 548 619 608 ἓπικηρυκεύματα.
653 547 759 593 804:
788 551 924 593 λείπει
945 547 970 605 ἡ
990 545 1094 593 «ind.
1125 545 1230 592 862:
1262 546 1432 605 σχήσεις

69 616 226 673 φόνοντ
278 618 414 660 λείπει
446 615 471 666 ἦ
512 617 582 664 εἰς,
642 615 772 660 1143:
816 619 957 660 λείπει
996 618 1044 659 δὲ
1076 615 1100 673 ἡ
1131 617 1202 669 εἷς,
1253 617 1292 658 ἵν
1317 610 1343 673 ᾖ
1373 615 1432 661 εἰς

69 689 225 739 στέγας.
286 685 423 728 Sehol.
455 685 613 728 Phoen.
643 683 695 728 3:
728 688 849 732 θοαῖς
879 685 1072 728 ἵπποισιε
1104 685 1244 727 λείπει
1279 681 1302 739 ἡ
1338 681 1430 727 σύν.

67 753 206 797 801101,
239 753 374 796 Andr.
405 750 510 795 ⁶222:
560 752 636 809 τὴν
668 751 745 809 σὴν
773 753 914 808 χάρινε
965 753 1104 795 λείπει
1134 751 1159 808 ἡ
1190 750 1274 794 διά.
1321 747 1427 794 622:

67 821 191 864 τοῦτο
223 822 291 863 καὶ
316 825 514 863 σκοπεῖτέ
538 837 630 875 μοιε
672 816 765 863 ἀντὶ
796 822 871 864 τοῦ
901 819 972 863 διὰ
1000 821 1138 864 τοῦτο.
1184 817 1288 862 66οε
1320 817 1429 872 ἆγώε

65 886 160 931 α’ντὶ
187 890 264 931 τοῦ
293 888 348 930 δι’
379 886 407 930 ἄ
424 887 514 941 ἐγώ.
546 886 649 932 88οε
678 888 904 943 δωμάτωνε
936 889 1072 930 λείπει
1100 885 1125 944 ἡ
1158 888 1262 943 πρό.
1294 882 1427 931 1039:

66 957 204 999 λείπει
233 954 284 998 τὸ
313 953 445 1001 ἕνεκα.
485 982 531 986 —-

181 1023 249 1065 Ex
296 1023 376 1065 hae
420 1024 722 1080 interpretandi
755 1023 928 1076 ratione,
976 1024 1095 1079 cujus
1143 1023 1275 1064 multo
1307 1022 1431 1079 plura

68 1091 269 1148 exempla
313 1097 490 1147 possunt
535 1092 696 1145 afferri,
749 1096 937 1147 apparet,
994 1091 1097 1132 nihil
1140 1091 1430 1147 impedivisse,

67 1160 294 1216 quominus
345 1159 484 1215 quivis
538 1174 660 1201 casus
714 1174 810 1200 oum
872 1160 1022 1214 quovis
1078 1159 1208 1200 verbo
1262 1160 1432 1215 conjun-

66 1233 249 1284 geretur.

181 1294 301 1348 Quae
331 1310 428 1337 eum
462 1296 519 1337 ita
558 1296 654 1348 sint,
701 1310 785 1337 non
831 1294 929 1336 lieet
961 1300 1126 1336 mutare
1157 1293 1289 1335 verba
1320 1307 1431 1349 quae

68 1363 216 1418 optimi
253 1362 422 1405 codices
460 1362 676 1417 exhibent,
724 1364 881 1419 quippe
915 1377 1026 1419 quae
1075 1361 1180 1403 nihil
1230 1360 1430 1413 habeant,

67 1429 180 1486 quod
212 1429 511 1487 reprehendas,

237 1564 346 1622 λόγῳ
374 1564 453 1620 μὲν
480 1562 582 1617 οὐχὶ,
613 1570 833 1621 καρτερεῖν
862 1564 908 1607 δὲ
938 1565 1143 1620 βούλεται.

181 1633 323 1679 schol.
355 1630 458 1676 708:
489 1633 620 1690 φησὶν
651 1626 727 1675 οὖν
757 1627 823 1674 ὅτι
853 1632 911 1689 τῷ
936 1632 1043 1690 λόγῳ
1072 1634 1150 1687 μὲν
1182 1638 1430 1689 προσποιεῖ-

68 1717 150 1755 ται,
179 1703 240 1758 τῷ
269 1701 318 1744 δὲ
345 1700 449 1758 ἔργῳ
480 1698 529 1743 οὐ
561 1701 682 1743 θέλει
713 1706 881 1756 κρατεῖν
906 1703 972 1743 καὶ
1005 1697 1207 1753 ἀντέχειν.

183 1768 397 1826 Conjicias
427 1769 565 1824 igitur,
595 1769 869 1824 interpretem
899 1769 1032 1812 verba
1062 1769 1215 1825 legisse
1244 1769 1359 1811 hunc
1388 1770 1432 1810 in

69 1833 242 1879 r'nodum
269 1836 486 1879 distincta:
518 1835 624 1891 λόγῳ
652 1839 746 1890 μὲν,
778 1834 869 1889 οὐχὶ
897 1842 1119 1892 καρτερεῖν
1149 1836 1197 1879 δὲ
1224 1836 1431 1892 βούλεται.

68 1904 218 1961 Neque
259 1910 402 1946 tamen
434 1919 606 1960 possum
645 1905 883 1946 consentire
918 1919 1014 1946 eum
1046 1905 1232 1958 Klotzio,
1275 1906 1342 1947 eui
1375 1906 1433 1947 ita

70 1986 220 2014 revera
253 1972 386 2015 verba
430 1986 522 2014 esse
570 1972 872 2028 distinguenda
903 1987 1151 2029 persuasum
1186 1979 1260 2017 est.
1320 1973 1430 2015 Nam

71 2054 164 2080 cum
185 2039 356 2095 Aegeus
383 2040 707 2095 interrogaverit
738 2038 787 2096 ἐᾷ
819 2041 857 2082 δ’
876 2035 1041 2093 Ἰάσων;
1074 2040 1127 2081 ad
1159 2040 1291 2082 verba
1321 2041 1432 2097 λόγῳ

69 2106 147 2161 μὲν
178 2108 317 2150 statim
338 2109 590 2163 cogitatione
621 2107 755 2150 addes
785 2106 856 2164 ἐᾷ,
887 2109 1060 2149 minime
1092 2122 1193 2149 vero
1215 2109 1433 2165 supplebis

72 2172 144 2218 οὐκ
173 2172 222 2231 ἐᾷ
253 2174 402 2230 (schol.
428 2175 762 2231 προσποιεῖται).
821 2176 972 2232 Neque
1004 2175 1276 2232 probaverim
1310 2177 1434 2219 inter-

71 2243 351 2299 pretationem
385 2243 567 2298 Klotzii,
608 2244 680 2299 qui
709 2258 785 2299 per
817 2243 988 2299 ellipsin
1017 2250 1058 2285 et
1088 2259 1269 2299 zeugma
1303 2244 1434 2286 verba

72 2310 246 2366 perinde
306 2311 555 2366 accipienda
611 2325 703 2353 esse
762 2311 887 2364 dicit,
951 2312 1070 2367 quasi
1128 2313 1331 2368 seriptum
1382 2313 1435 2354 sit

73 2378 264 2434 plenius:
323 2379 434 2435 λόγῳ
463 2378 542 2433 μὲν
572 2379 767 2434 βούλεται
796 2385 1017 2435 καρτερεῖν
1049 2380 1087 2422 δ’
1122 2376 1170 2422 οὗ
1197 2377 1403 2435 βούλεται.

167 2528 201 2568 1)
226 2527 276 2560 Cf.
302 2526 414 2568 Pauli,
439 2527 490 2559 De
517 2527 622 2570 Soph.
654 2527 775 2561 scholl.
805 2526 908 2560 Laur.
934 2537 965 2569 p.
996 2527 1051 2559 60.
