1716 3017
926 160 982 206 32

384 285 577 339 Apparet
604 286 717 326 enim
748 300 770 326 e
804 285 944 326 verbis
976 300 1085 341 quae
1118 294 1285 331 exstant
1332 290 1421 332 solo
1467 291 1510 331 in
1541 291 1634 335 cod.

272 351 330 391 B:
362 347 465 406 αὐτὴ
492 357 642 407 χεροῖν
671 352 881 406 λαβοῦσαε
912 350 1015 394 αὐτὰ
1031 351 1151 409 χάρις
1183 351 1421 411 ἄμβρόσιός
1452 372 1497 400 τε
1527 355 1630 410 αῠγά

272 419 450 460 πέπλων
479 423 632 471 πείσει,
674 419 824 460 falsam
858 435 949 461 esse
979 423 1229 463 sententiam
1260 424 1531 478 Kirchhoffii,
1563 427 1635 481 qui

272 486 372 527 edit.
400 485 512 530 Med.
546 484 666 531 1852.
697 502 738 542 p.
762 484 844 528 103
873 487 980 529 illud
1011 491 1058 530 τέ
1083 503 1108 530 a
1139 488 1323 534 librariis
1345 508 1367 534 e
1389 493 1635 548 conjectura

270 555 474 596 insertum
505 568 596 596 esse
625 555 738 596 dicit.

383 621 434 664 V.
467 617 573 663 968:

438 689 574 743 ξανθᾷ
604 688 642 728 δ’
672 682 782 741 ἀμφὶ
813 686 926 744 κόμᾳ
956 687 1018 744 θὴ
1047 715 1099 719 -

439 768 505 798 σει
533 751 610 797 τὸν
628 752 760 796 ‘Anda
787 755 948 810 κόσμον
978 782 1046 800 -.

382 823 526 866 Schol.
556 820 659 865 980:
698 820 827 879 θήσει
859 821 937 866 τὸν
956 820 1113 865 ’Ἀιδαε
1144 824 1345 881 θάνατον,
1382 829 1499 883 φησὶ,
1528 829 1630 882 μᾶλ-

267 894 342 935 λον
362 892 644 947 περιθήσεται
664 886 691 946 ἢ
710 891 885 945 κόσμον.
940 891 1073 947 Cujus
1096 892 1393 948 explicationis
1414 903 1630 938 auctorem

267 960 380 1001 unde
400 959 652 1014 Hartungus
672 966 935 1015 compertum
963 958 1117 1000 habeat
1147 960 1323 1002 verbum
1351 961 1515 1015 κόσμον
1545 980 1629 1006 non

268 1029 504 1078 invenisse,
551 1027 624 1068 sed
655 1026 810 1082 legisse
836 1025 1117 1083 περιθήσεται
1146 1025 1224 1070 τὸν
1247 1024 1396 1073 Ἅιδαν
1429 1056 1477 1062 -
1512 1034 1631 1089 equi-

268 1096 364 1138 dem
395 1111 483 1137 non
514 1095 721 1150 intelligo.
751 1120 807 1126 —

380 1164 449 1205 De
481 1179 549 1206 vv.
581 1160 665 1207 979
695 1169 737 1205 et
769 1161 878 1206 1041
909 1163 1005 1205 vide
1035 1178 1163 1219 supra
1194 1180 1233 1220 p.
1267 1165 1332 1209 10,

380 1232 433 1275 V.
465 1228 575 1274 1038
607 1247 689 1288 sq.:

876 1294 980 1341 ἀλλὰ
1008 1299 1080 1356 τῆς
1109 1298 1212 1356 ἐμῆς
1238 1300 1378 1358 κάκης,

433 1366 484 1410 τὸ
516 1368 583 1409 καὶ
613 1368 826 1423 προέσθαι
854 1365 1100 1420 μαλθακοὺς
1128 1367 1280 1421 λόγους
1310 1370 1479 1423 φρενός.

378 1435 497 1477 Libri
545 1435 714 1491 φρενός,
758 1441 925 1490 praeter
967 1437 1029 1488 B,
1075 1438 1118 1477 in
1163 1451 1247 1492 quo
1293 1436 1447 1493 legitur
1489 1442 1626 1493 φρενί.

266 1505 405 1557 Quam
434 1505 657 1546 lectionem
686 1518 773 1545 non
804 1518 894 1544 esse
915 1504 1147 1559 profectam
1179 1519 1204 1546 a
1234 1504 1408 1547 librario
1440 1506 1625 1562 quodam

264 1574 508 1630 posterioris
539 1573 754 1628 temporis,
785 1571 1038 1613 documento
1068 1578 1131 1614 est
1160 1572 1289 1617 schol.
1312 1569 1444 1615 1052:
1478 1572 1528 1616 τὸ
1559 1576 1627 1616 καὶ

264 1645 481 1697 προέσθαι
523 1639 791 1695 μαλθακούς
830 1637 880 1681 τὸ
913 1637 1104 1682 ἐνδοῦναι
1144 1641 1195 1696 τῇ
1227 1641 1351 1697 φρενὶ
1379 1641 1626 1695 μαλθακοὺς

264 1709 422 1763 λόγους.
485 1709 605 1761 Quae
634 1708 766 1750 verba
810 1714 1004 1763 apertum
1035 1714 1098 1749 est
1128 1714 1318 1763 spectare
1351 1708 1405 1750 ad
1437 1708 1626 1751 dativum

264 1781 401 1833 φρενί.
461 1778 537 1819 Est
565 1778 694 1832 igitur
723 1791 810 1817 non
830 1777 996 1819 tenuior
1017 1776 1142 1833 hujus
1174 1776 1366 1818 lectionis
1398 1779 1624 1819 auctoritas

265 1861 393 1903 quam
438 1846 695 1901 optimorum
742 1844 946 1886 librorum
994 1846 1050 1897 (V.
1092 1859 1222 1901 supra
1260 1860 1300 1901 p.
1342 1841 1443 1901 10.).
1504 1845 1625 1898 Quae

264 1914 491 1956 auctoritas
520 1915 648 1956 etiam
677 1919 854 1968 augetur
883 1926 951 1961 eo,
999 1912 1117 1968 quod
1156 1912 1287 1954 multo
1324 1912 1492 1955 facilius
1531 1913 1625 1955 fieri

262 1983 411 2038 potuit,
435 1987 482 2023 ut
511 1997 587 2037 pro
619 1986 750 2037 φρενί
775 1980 1029 2022 scriberetur
1053 1979 1223 2035 φρενός,
1254 1995 1381 2037 quam
1413 1987 1458 2022 ut
1479 1988 1625 2024 contra

262 2056 496 2092 mutaretur
524 2048 681 2105 φρενός
728 2050 770 2091 in
814 2051 950 2104 φρενί.
1009 2047 1356 2090 Probabilissima
1404 2055 1468 2091 est
1512 2051 1624 2091 enim

262 2117 454 2173 Elmsleji
485 2118 738 2173 conjectura,
767 2117 1001 2173 genitivum
1031 2116 1244 2157 invectum
1275 2130 1380 2170 esse,
1416 2118 1518 2173 quia
1546 2132 1623 2173 pro

261 2185 387 2242 κάκης
431 2187 637 2241 scriptum
685 2190 795 2227 esset
837 2186 974 2240 κακῆς.
1033 2183 1184 2240 Neque
1225 2190 1409 2240 praestat
1452 2191 1625 2241 propter

262 2255 515 2307 sententiam
561 2253 670 2294 illud
713 2252 889 2309 φρενός,
943 2252 988 2294 id
1039 2251 1155 2309 quod
1206 2253 1304 2294 satis
1349 2258 1525 2309 apparet
1569 2268 1623 2295 ex

261 2322 546 2378 discrepantia
587 2322 896 2378 interpretandi
926 2322 1146 2364 rationum.
1206 2319 1420 2362 Klotzium
1454 2327 1623 2363 secutus

261 2391 297 2433 si
326 2390 573 2447 sumpseris,
602 2390 762 2446 φρενός
791 2390 953 2432 dictum
980 2404 1072 2432 esse
1100 2403 1177 2444 pro
1207 2385 1253 2430 ἐκ
1273 2387 1440 2444 φρενός,
1469 2388 1623 2432 Medea

260 2460 338 2502 erit
370 2458 561 2516 putanda
591 2458 750 2512 dolere,
800 2459 914 2516 quod
943 2459 1128 2513 cogitata
1166 2456 1390 2512 prolocuta
1424 2458 1490 2512 sit,
1534 2471 1622 2499 non

260 2527 404 2570 dolere
449 2527 563 2583 quod
610 2528 782 2570 omnino
829 2527 933 2570 talia
970 2527 1228 2582 cogitaverit.
1287 2524 1363 2568 Sin
1395 2525 1621 2583 conjungis
