1716 3017
681 108 734 153 31

139 232 250 275 Num
296 232 494 275 Klotzius
541 249 563 275 e
618 234 873 277 scholiastae
932 233 1072 276 verbis
1126 248 1235 290 quae
1291 240 1390 277 sunt

29 299 152 356 ἔγνως
194 301 243 342 δὲ
275 297 351 357 τὴν
390 303 590 344 νικῶσαν.·
634 300 737 344 ἀλλὰ
775 303 850 344 νῦν
889 298 1036 356 ὥσπερ
1076 299 1121 343 ἐκ
1162 305 1387 355 μετανοίας

27 366 77 411 τὸ
109 368 335 410 κάλλιστον
371 368 476 426 αὐτῇ
517 370 709 427 βουλεύῃ.
757 368 806 412 τὸ
846 369 893 411 δὲ
923 368 1036 424 ἑξῆς,
1081 367 1204 422 ἔγνως
1250 370 1295 412 δὲ
1334 370 1393 425 τῷ

27 435 166 492 χρόνῳ
186 435 272 478 κτλ.
298 461 344 466 —
370 443 483 478 recte
504 437 744 491 concludat,
773 437 847 479 νῦν
877 437 1235 493 interpretationis
1259 452 1388 478 causa

30 505 259 560 ascriptum
301 503 445 557 fuisse,
488 505 587 559 jure
629 504 855 559 dubitabis,
904 519 1000 545 cum
1031 504 1140 545 nihil
1171 505 1389 560 impediat,

31 573 258 628 quominus
289 573 520 626 cogitemus
554 573 607 613 de
638 572 798 615 scholio
832 572 1047 628 bipartito.
1109 572 1283 614 Certum
1316 578 1392 623 est,

27 642 133 681 non*
158 638 285 680 talem
329 653 432 694 prae
481 654 524 680 se
573 639 682 681 ferre
722 641 1010 697 conjecturam
1053 639 1172 681 illam
1205 641 1391 696 speciem

28 707 239 759 veritatis,
300 707 368 748 cui
411 712 692 763 postponatur
743 709 996 764 optimorum
1044 707 1247 749 librorum
1295 722 1392 748 auc-

29 775 190 818 toritas.
216 799 272 804 --

142 842 192 886 V.
224 839 309 886 970
339 857 420 898 sq.:

201 924 355 964 Πείσει
383 919 504 976 χάρις
535 915 775 975 ἄμβρόσιός
804 921 840 962 τ’
871 916 975 973 affy&
1005 921 1175 963 πέπλον

198 987 510 1044 χρυσότευκτόν
539 986 614 1045 [τε]
648 992 856 1042 στέφανον
885 991 1163 1043 περιθέσθαι.
1200 1015 1244 1019 —

32 1057 249 1157 1377ζὲΖέἕῇ
290 1081 333 1122 Β
362 1080 547 1128 πέπλου,
578 1080 707 1120 ceteri
735 1079 944 1128 πέπλων,·

29 1178 371 1237 χρυσεότευκτον
407 1180 522 1237 quod
553 1187 616 1222 est
645 1181 688 1221 in
729 1180 872 1234 libris,
922 1181 1107 1223 correxit
1140 1180 1397 1237 Elmslejus3

32 1249 285 1305 particulam
318 1253 366 1291 τέ
388 1250 567 1291 inseruit
596 1248 811 1293 Reiekius.

146 1316 261 1369 Quin
292 1331 401 1373 quae
441 1318 484 1358 in
515 1316 635 1360 codd.
668 1321 848 1371 exstant,
896 1323 1096 1373 corrupta
1125 1318 1220 1370 sint,
1270 1331 1395 1358 nemo

34 1384 266 1435 dubitabit,
316 1399 413 1426 cum
457 1384 575 1441 pepli
614 1385 844 1441 splendore
886 1385 1098 1427 Glaucam
1141 1399 1229 1426 non
1270 1399 1396 1440 posse

35 1453 294 1495 commoveri
325 1460 542 1508 appareat,
572 1459 620 1494 ut
650 1453 777 1508 capiti
806 1455 999 1509 imponat
1026 1467 1237 1494 coronam.

147 1519 291 1565 Schol.
321 1518 427 1563 983:
457 1515 560 1576 αὐτὴ
594 1521 642 1563 δὲ
672 1518 697 1577 ἡ
723 1518 960 1577 λαμπηδὼν
989 1523 1063 1562 τοῦ
1093 1524 1275 1575 χρυσέου
1307 1532 1395 1563 στε-

34 1587 169 1642 φάνου
197 1590 267 1631 καὶ
296 1590 383 1631 τῶν
425 1589 603 1631 πέπλων
633 1592 776 1632 πείσει
806 1585 935 1645 αὐτὴν
959 1622 969 1631 .
990 1622 998 1631 .
1021 1620 1030 1629 .
1049 1622 1058 1632 .
1090 1591 1397 1644 περιτίθεσθαι

33 1658 176 1701 ταῦτα.
246 1656 366 1708 Quae
412 1658 701 1713 interpretatio
747 1657 782 1698 si
828 1662 1026 1697 accurata
1069 1662 1153 1707 est,
1195 1657 1397 1713 conjicias

33 1725 304 1780 interpretem
334 1725 489 1780 legisse
521 1759 529 1768 .
563 1759 572 1769 .
605 1760 614 1768 .
663 1720 765 1777 αὐγὰ
803 1725 981 1767 πέπλων
1009 1724 1321 1778 χρυσοτεύκτου
1350 1740 1398 1767 τε

34 1790 257 1847 στεφάνου,
288 1806 396 1849 quae
428 1791 560 1834 verba
589 1791 824 1847 Euripidea
853 1806 944 1833 esse
968 1792 1059 1847 jam
1089 1791 1289 1834 Klotzius
1321 1808 1397 1848 pu-

33 1860 149 1913 tavit,
170 1860 225 1900 in
254 1859 395 1915 ipsum
416 1858 645 1902 verborum
677 1859 870 1901 ordinem
900 1860 1061 1916 recepit
1079 1859 1274 1902 Weilius.
1309 1860 1396 1902 Sed

34 1927 236 1969 convenit
277 1942 380 1969 sane
424 1928 582 1983 optime
616 1926 844 1982 explicatio
882 1927 959 1969 illa
989 1942 1084 1969 curn
1115 1928 1174 1969 eis
1226 1942 1397 1984 quoque

32 1994 176 2036 verbis
207 2009 316 2051 quae
357 1997 401 2036 in
447 1994 662 2037 codicibus
704 1995 990 2046 inveniuntur,
1039 1996 1075 2037 si
1113 1995 1286 2052 quidem
1320 2011 1398 2052 pro

34 2063 214 2105 πέπλων
260 2062 482 2105 scribimus
524 2062 689 2105 πέπλον
719 2067 759 2103 et
788 2069 886 2118 post
914 2062 1222 2118 χρυσότευκτον
1257 2065 1400 2106 inseri-

34 2144 128 2171 mus
161 2130 412 2186 particulam
437 2135 496 2184 τέ,
528 2145 670 2186 quam,
701 2145 727 2171 a
756 2130 929 2172 Reiskio
962 2145 984 2171 e
1014 2132 1256 2188 conjectura
1284 2131 1401 2174 addi-

34 2202 134 2250 tam,
164 2198 439 2255 interpretem
468 2197 588 2240 illum
619 2198 832 2253 invenisse
862 2197 958 2241 luce
988 2198 1143 2241 clarius
1165 2206 1345 2256 apparet
1376 2215 1399 2242 e

38 2265 181 2308 verbis
212 2267 288 2308 τοῦ
321 2265 531 2321 στεφάνου
563 2267 631 2308 καὶ
660 2268 744 2309 τῶν
781 2266 967 2310 πέπλων.
1027 2267 1314 2318 Quamobrem
1345 2283 1399 2310 ex

37 2334 186 2375 scholii
213 2335 461 2377 auctoritate
491 2349 576 2376 non
605 2339 667 2376 est
689 2333 900 2390 judicium
929 2334 1188 2380 faciendum,

149 2402 217 2444 De
245 2401 453 2458 particula
483 2405 541 2456 τὲ,
573 2416 684 2459 quae
719 2416 834 2444 nunc
863 2402 1018 2458 legitur
1050 2403 1093 2445 in
1123 2418 1162 2448 V.
1193 2401 1277 2447 970
1307 2411 1403 2461 post

37 2470 214 2512 verbum
253 2468 507 2525 ἀμβρόσιος,
554 2470 737 2514 certiora
777 2477 955 2526 possunt
983 2486 1007 2513 e
1046 2470 1220 2515 scholiis
1250 2473 1402 2516 evinci.
